3082 5648
633 810 653 875 9

98 972 152 1053 Vl,
182 973 232 1046 66,
262 972 292 1036 2.
334 967 394 1041 Ὠς
416 967 500 1051 ἑώρα
524 962 740 1045 ἀναγομένους
761 959 894 1043 αὐτούς,
917 962 1005 1029 εἴκων
1028 963 1081 1030 καὶ
1105 964 1185 1030 κατὰ

99 1072 249 1158 σπουδὴν
275 1058 451 1154 ἐμβιβάσας
479 1070 571 1132 ἔπλει
595 1067 683 1150 παρὰ
707 1068 765 1154 τὴν
789 1071 846 1154 γῆν
870 1066 916 1151 (h.
941 1069 960 1134 l.
985 1068 1105 1135 habent
1128 1070 1184 1136 alii

99 1175 156 1239 ἐπὶ
188 1175 248 1260 τὴν
280 1176 349 1259 γῆν)
383 1175 424 1254 ΙΙ,
460 1174 511 1254 90,
546 1173 575 1235 3.
615 1171 678 1237 Gfr.
706 1170 759 1250 VI,
790 1172 838 1255 13,
872 1173 900 1236 2.
949 1174 993 1236 Οἱ
1012 1169 1187 1259 Ἀθηναῖοι

99 1279 287 1363 παρέπλεον
305 1274 362 1339 ἐπὶ
382 1279 481 1358 κέρως
497 1275 668 1355 ταξιιμενοι
683 1273 761 1359 παρ’
783 1274 884 1361 αὐτὴν
896 1273 955 1361 τὴν
968 1277 1026 1359 γῆν
1048 1274 1106 1338 ἐπὶ
1128 1277 1185 1360 τῆς

100 1383 232 1466 Σηστοῦ
261 1378 346 1461 VIII,
374 1379 443 1456 104,
468 1383 496 1442 1.
538 1375 699 1449 Ὁπλίτας
720 1379 912 1459 διεβὲβασαν
935 1376 967 1449 ἐς
988 1373 1091 1463 αὐτὴν
1114 1377 1185 1462 (τὴν

99 1487 210 1571 νῆσον)
245 1481 299 1545 καὶ
332 1481 423 1562 παρὰ
457 1480 515 1565 τὴν
548 1479 687 1566 ἤπειρον
719 1478 835 1551 ἄλλους
869 1480 982 1554 ἔταξαν
1015 1480 1069 1563 IV,
1102 1481 1131 1555 8,
1155 1480 1186 1546 5.

102 1589 148 1652 Οἱ
168 1584 342 1671 Ἀθηναῖοι
370 1581 561 1669 ἐθάρσησάν
584 1605 618 1645 τε
639 1583 763 1661 μᾶλλον
784 1579 838 1645 καὶ
855 1581 1106 1666 ἐπικαταβάντες
1118 1583 1188 1647 ἐτά-

99 1694 194 1766 ξαντο
218 1684 295 1769 παρ’
317 1683 418 1772 αὐτὴν
438 1684 682 1770 τὴνὲλάλασσαν
704 1685 757 1769 Ν,
785 1688 832 1767 11,
860 1686 886 1749 l.
923 1684 986 1751 cfr.
1010 1685 1063 1768 lv,
1087 1686 1139 1765 35,
1157 1687 1187 1752 2.

185 1791 306 1857 Eadem
331 1789 425 1853 locali
449 1786 685 1871 signifioatione
707 1789 797 1870 παρά
820 1808 890 1852 cum
909 1790 1094 1854 accusativo
1112 1809 1185 1855 con·

94 1899 240 1985 junctum
269 1900 370 1957 utrum
395 1892 541 1956 absolute
563 1892 702 1976 positum
726 1892 781 1973 sit,
807 1913 848 1956 an
873 1911 913 1956 ex
936 1893 1042 1957 verbis
1066 1890 1187 1958 additis

101 2000 151 2064 vel
174 1996 304 2064 omissis
347 1993 501 2077 pendeat,
532 2013 766 2077 nonnumquam
798 1995 916 2078 ambigi
948 2001 1062 2080 potest.
1112 1995 1187 2061 Haec

102 2102 250 2184 exempla
278 2096 490 2182 Thucydiden
514 2097 629 2162 affero:
654 2097 747 2183 λἠλὴ
772 2097 830 2181 γαρ
852 2099 921 2161 ε’στι
943 2101 1002 2160 τοῦ
1026 2101 1188 2181 Πειραιῶς

101 2207 121 2291 ἡ
158 2201 350 2266 Ἢετιωνεία
384 2198 438 2262 καὶ
482 2196 560 2282 παρ)
593 2196 697 2283 αὐτὴν
730 2195 832 2272 εὐθὺς
871 2197 888 2262 ὁ
928 2198 1071 2271 ἔσπλοος
1099 2199 1188 2264 ἐστίν

100 2306 186 2387 VIII,
221 2303 272 2386 90,
296 2304 326 2367 4.
374 2306 535 2385 Τέσσαρες
567 2301 602 2364 δὲ
628 2303 691 2363 τῶν
713 2303 793 2364 νεῶν
814 2304 851 2365 αἱ
871 2295 1004 2365 ὕσταται
1027 2301 1188 2366 πλέουσαν

101 2407 398 2490 καταλαμβάνονται
442 2405 532 2487 παρὰ
577 2401 635 2466 τὸν
678 2398 869 2467 Ἐλαιοῦντα
911 2403 1007 2489 (aud.
1049 2402 1188 2470 fortasse

103 2511 278 2596 πλέουσαι)
311 2508 398 2589 VIII,
437 2506 508 2587 102,
543 2507 572 2570 2.
619 2502 796 2585 Ἐτείχιζον
827 2505 862 2569 δὲ
891 2506 945 2570 καὶ
968 2509 1003 2570 οἱ
1022 2507 1188 2590 §arpaxan-

44 2688 50 2701 .
106 2631 172 2677 σιοι
186 2663 278 2678 .....
315 2619 418 2690 τεῖχος
451 2609 540 2691 παρὰ
564 2611 631 2672 πᾶν
653 2608 690 2671 τὸ
715 2608 798 2691 πρὸς
819 2607 875 2680 τὰς
896 2604 1080 2683 Ἐπιπολὰς
1103 2608 1188 2693 ὁρῶν

103 2723 185 2795 (tota
213 2718 268 2782 illa
296 2722 387 2800 parto
412 2714 495 2800 quae)
517 2713 569 2795 Vl,
597 2713 647 2790 75,
675 2713 701 2776 1.
746 2711 913 2795 Κρατῆρος
934 2732 969 2773 τε
993 2711 1189 2795 κεράσαντας

103 2817 181 2903 παρ’
195 2813 282 2881 ἅπαν
294 2818 330 2880 τι)
345 2819 608 2901 στράτειιμα,(εοι·
630 2816 662 2880 la
677 2814 765 2881 flotte
783 2814 912 2907 entiere.
925 2814 1015 2898 Did.)
1027 2813 1080 2900 VI,
1094 2817 1143 2898 32,
1158 2819 1188 2883 1.

188 2921 224 2985 Iu
244 2919 358 2986 eodem
380 2921 446 2987 fere
477 2939 596 3004 genere
620 2918 679 2983 hoc
702 2912 1021 3003 exemplum,⁰0por
1042 2918 1076 2982 δὲ
1098 2918 1190 3003 παρὰ

103 3028 200 3087 πέντε
221 3028 298 3095 ναῦς
321 3025 367 3106 (in
391 3025 506 3106 quinas
530 3042 631 3087 naves
649 3054 671 3075 =
689 3022 721 3094 ἐς
744 3027 841 3084 πέντε
865 3023 955 3098 ναῦς)
979 3021 1079 3085 πλέον
1095 3019 1188 3109 α’νδρὶ

101 3126 225 3210 ἑκάστῳ
260 3121 282 3212 ἢ
313 3135 398 3209 τρεῖς
418 3123 530 3209 ὀβολοὶ
554 3124 816 3211 ὡμολογήθησον
838 3124 924 3207 VIII,
949 3125 1000 3203 29,
1024 3124 1063 3207 2.,
1089 3143 1186 3210 pone·

102 3248 184 3310 rem,
220 3227 283 3294 nisi
315 3229 496 3312 Kruegero,
532 3228 585 3312 qui
620 3228 717 3292 verba
752 3228 840 3311 παρὰ
873 3232 971 3291 πέντε
996 3231 1074 3301 ναῦς
1095 3227 1188 3295 uncis

103 3333 369 3416 circumscripsit,
403 3332 597 3411 assentirer,
632 3351 671 3396 ea
708 3331 806 3396 verba
841 3333 1005 3413 glossema
1027 3331 1189 3416 quoddam

103 3455 188 3502 esse.
232 3437 301 3501 Non
320 3437 404 3500 enim
420 3435 497 3499 mihi
512 3435 619 3520 placet
635 3428 795 3500 sententia
810 3433 967 3500 Benedict
981 3436 1190 3520 illiusquam

104 3541 195 3607 dicit:
236 3539 484 3604 ”Emendatione
518 3541 687 3605 verborum
721 3561 785 3606 non
819 3537 966 3622 indigere
1000 3545 1074 3624 puto
1109 3540 1193 3606 hunc

104 3649 221 3729 locum,
248 3645 275 3709 si
299 3644 487 3729 particulam
511 3645 601 3726 παρα
617 3666 679 3709 οοο
697 3655 816 3728 prater
833 3644 1004 3718 vertimus,
1022 3642 1079 3708 sed
1092 3667 1190 3729 prop-

105 3755 180 3816 ter.”
225 3752 275 3815 De
298 3750 411 3814 eodem
434 3749 519 3830 loco,
539 3749 591 3832 qui
609 3751 770 3834 plerisque
788 3756 953 3833 corruptus
970 3767 1043 3812 esse
1057 3747 1192 3833 videtur,

105 3854 160 3919 alii
193 3855 383 3938 interpretes
419 3854 500 3918 alias
535 3853 702 3936 opiniones
737 3852 866 3925 habent,
901 3872 981 3935 quas
1021 3850 1062 3916 ad
1095 3859 1193 3916 totum

105 3957 187 4022 huuc
203 3957 307 4021 locum
326 3958 365 4021 de
390 3956 544 4041 stipendii
561 3955 731 4040 partitione
752 3955 975 4040 explicandum
993 3955 1191 4040 pertinentes

105 4064 235 4146 longum
258 4068 308 4126 est
329 4081 531 4146 percensere.
576 4061 738 4126 Praeterea
761 4061 801 4125 de
826 4080 865 4125 ea
888 4080 922 4126 re
947 4059 1011 4124 vid.
1035 4059 1130 4124 Gerv.
1150 4061 1172 4134 ¹)

192 4166 320 4249 Ambigi
342 4186 577 4249 nonnumquam
590 4171 705 4249 potest,
714 4165 866 4230 utrumad
876 4161 1119 4248 designandum,
1132 4179 1193 4244 quo

107 4279 210 4338 motus
224 4272 334 4351 datan
348 4272 438 4358 cujus
447 4271 610 4336 vicinitate
619 4270 738 4353 aliquid
747 4267 1098 4355 dirigatur‚praepositio
1107 4264 1197 4349 παρά

108 4415 396 4531 ’,λς’-Ἶλοοεγᾶὶᾱίο
415 4459 446 4513 dc
464 4458 532 4513 bello
549 4457 762 4529 peloponnesiaco
779 4458 839 4514 libri
857 4461 924 4512 octo.
960 4457 1023 4512 Pars
1041 4456 1076 4512 11.
1095 4455 1194 4512 Curan-

107 4549 177 4605 tibus
206 4549 237 4603 G.
266 4547 377 4603 Gemino
404 4551 431 4603 ct
452 4548 482 4602 1².
506 4544 536 4602 C.
554 4547 681 4605 Hertlein.
717 4548 842 4603 Volumen
860 4547 895 4601 11.
932 4544 1095 4600 Francofurti
1113 4560 1136 4601 u.
1154 4545 1191 4599 m.

107 4634 349 4693 unccomvff’
388 4636 452 4707 Peg.
471 4633 523 4689 459
542 4651 597 4706 sqq.
1094 4665 1110 4721 2
