3210 5108
777 396 818 460 22

255 547 308 611 καὶ
342 544 534 631 Ἀγραίοος”.
570 550 664 614 Gerr.
703 538 809 635 Οἶπερ
844 588 882 598 --
918 548 1007 630 παρὰ
1041 548 1231 612 Σαλννδίον
1265 568 1337 613 con-

251 653 379 737 jectura
413 660 462 716 est
496 653 685 737 Hermanni,
711 673 781 734 quae
805 673 933 717 sensum
960 651 1177 736 plenissimum
1205 650 1342 716 reddere

256 753 401 837 videtur,
421 757 447 819 si
474 764 506 819 ut
530 756 698 820 Goellerus
712 756 942 820 convertimus:
985 757 1186 819 ”Acarnanes
1211 774 1286 819 vcro
1310 760 1343 816 et

255 859 458 942 Amphilochi
473 897 510 909 -
525 861 738 925 Amlrraciotis
762 868 794 925 et
815 860 1059 944 Peloponnesiis
1082 859 1134 941 qui
1160 858 1200 922 ad
1225 859 1341 941 Salyn-

257 962 355 1026 thium
371 999 412 1008 --
425 963 648 1045 confugerant,
666 964 728 1028 fide
746 963 870 1049 publica
887 962 1089 1045 interposita,
1114 982 1154 1025 ex
1184 960 1342 1025 Oeniadis

259 1064 396 1129 abeundi
430 1073 622 1149 potestatem
658 1066 830 1147 dederunt,
860 1084 921 1148 quo
947 1088 963 1128 a
989 1063 1158 1147 Salynthio
1183 1063 1344 1127 discesse·
1403 1119 1408 1131 .

257 1170 349 1230 rant.'’
395 1167 556 1232 ”Abeundi
588 1166 631 1256 [in
661 1170 914 1253 Peloponnesum
948 1171 980 1232 et
1002 1165 1229 1253 Acarnaniam]
1253 1175 1342 1251 pote·

257 1277 372 1334 statem
408 1269 578 1353 dederunt,
613 1292 674 1354 qua
707 1273 803 1337 venia·
837 1272 876 1335 iis
911 1291 991 1354 opus
1015 1278 1098 1350 erat,
1123 1290 1217 1352 quum
1241 1287 1345 1332 naves

257 1373 297 1437 iis
332 1371 499 1453 deessent,
539 1365 651 1455 quibus
681 1375 758 1439 mari
783 1375 813 1438 in
839 1376 959 1459 patrias
984 1373 1134 1438 redirent.
1180 1372 1229 1436 Ita
1252 1373 1344 1436 intel-

258 1475 350 1539 lectis
386 1472 490 1538 verbis
521 1496 584 1540 non
614 1498 694 1561 opus
730 1477 853 1543 videtur
883 1475 1066 1561 conjectura
1091 1469 1145 1536 ἐπ’
1170 1472 1345 1536 Οἰνιαδῶν

259 1578 332 1667 [ριν
363 1578 397 1654 ἐξ
428 1577 599 1666 Οἰνιαδῶν]
630 1581 688 1664 Pp.
740 1579 906 1645 ”Oeniadae
941 1578 1018 1643 socii
1056 1585 1146 1642 erant
1182 1577 1344 1660 Pelopon-

258 1683 418 1748 nesiorum
443 1693 484 1755 (ν.
508 1701 532 1744 o.
555 1684 595 1746 94
619 1691 650 1747 et
682 1685 829 1764 11102),
856 1704 873 1746 u
911 1692 975 1746 tuto
1000 1681 1120 1745 adens
1145 1681 1345 1762 remotiores,

258 1789 388 1872 majoris
425 1788 605 1852 securItatis
636 1808 767 1868 caussa,
792 1789 928 1854 transire
952 1785 1109 1870 potuerint
1130 1784 1346 1849 Ambraciota

258 1899 289 1957 et
318 1892 545 1975 Peloponnesii
577 1893 762 1977 conjuncti.”
792 1891 917 1966 Bothe.)
962 1887 1024 1951 Ιιάὶ
1048 1887 1136 1970 παρὰ
1163 1890 1347 1967 Τισσαφέρ-

256 2018 349 2066 νους.
371 2044 377 2056 .
400 2043 405 2056 .
426 2042 453 2057 ..
478 1995 679 2081 πρεσβευτὴς
701 1989 767 2073 ἅμα
789 1990 858 2074 μετ’
881 1989 986 2056 αὐτῶν
1004 1995 1113 2077 παρῆν
1136 1992 1221 2071 VIII,
1257 1993 1286 2070 ι’),
1316 1992 1347 2054 4.

261 2098 356 2181 Παρδι
390 2097 546 2180 βασιλέως
581 2097 804 2181 πορευόμενον
838 2098 870 2168 ἐς
902 2097 1131 2175 Λακεδαίμονα
1159 2095 1213 2178 IV,
1242 2095 1293 2178 50,
1321 2100 1346 2159 I.

261 2199 324 2264 Καὶ
354 2196 539 2282 ἀφικνεῖται
548 2249 556 2278 ,
591 2200 748 2282 πρόξενος
772 2192 815 2261 (δν
838 2197 1009 2282 ’Λργείων,
1033 2199 1137 2276 Λίχας
1160 2195 1177 2258 ὁ
1203 2193 1349 2279 Ἀρκεσι-

258 2303 338 2367 λιίον
371 2301 459 2379 παρὰ
494 2304 557 2362 νων
592 2303 858 2380 Λακεδαιμονίων
893 2300 958 2364 δύω
994 2300 1077 2380 λόγω
1114 2303 1224 2382 φέρων
1254 2298 1286 2370 ἐς
1309 2298 1347 2361 τὸ

256 2405 372 2487 ’Ἄργος
394 2404 429 2476 V,
455 2405 504 2484 ld,
527 2405 555 2468 2.

347 2508 467 2572 Eadem
504 2508 594 2570 locali
627 2506 862 2588 significadone
887 2517 1030 2588 servata,
1055 2508 1234 2591 praepositio
1258 2508 1349 2593 παροί

263 2631 332 2677 oum
356 2611 496 2694 genitivo
521 2610 704 2693 conjuncta,
731 2610 827 2674 verbo
851 2611 988 2693 qrrodam
1013 2620 1115 2674 motus
1138 2611 1270 2688 omisso,

348 2723 381 2791 α)
405 2733 445 2778 ex
470 2713 678 2778 substantivis
702 2714 845 2799 pendere
872 2712 1003 2777 videtur.
1048 2714 1105 2776 Ex.
1138 2715 1180 2776 Αἱ
1204 2714 1239 2778 δὲ
1258 2715 1347 2800 παρὰ

260 2820 319 2881 σοῦ
349 2813 554 2898 Ἀλκιβιάδου
582 2814 752 2881 ἐπισιολσὶ
784 2819 908 2895 (litterae
930 2816 970 2881 ab
994 2818 1031 2883 A.
1057 2818 1174 2894 missae)
1198 2816 1238 2881 ozi
1262 2818 1348 2882 πολι)

265 2915 401 3002 ὕστερον
424 2905 503 3005 ίγκον
527 2919 612 3003 VIII,
643 2925 693 3006 51,
723 2924 751 2988 ἱ).
796 2919 852 2984 Ἐν
870 2920 972 3004 τούτῳ
1002 2919 1218 3003 δίίφικνεῑιαι
1241 2917 1352 2994 colrois

265 3021 395 3104 α’γγελία
429 3020 518 3103 παρὰ
552 3025 615 3086 τῶν
641 3024 835 3110 ἐπιτηδείων
869 3023 904 3086 ἐκ
940 3029 1057 3101 Τεγέας
1079 3023 1114 3104 V,
1139 3025 1190 3103 64,
1215 3030 1243 3088 1.
1288 3022 1350 3087 Λιδι

262 3128 298 3190 ιδ
332 3125 475 3210 εὔπορον
511 3127 566 3211 τῆς
595 3127 727 3198 ἐλπίδος
755 3130 812 3189 rod
836 3127 924 3209 παρὰ
948 3126 1105 3210 βασιλέως
1123 3128 1250 3205 μισθοῦ
1273 3124 1352 3212 ἡσί-

262 3231 356 3310 χαζεν
389 3227 420 3307 (ὁ
457 3227 569 3315 ὄχλος)
604 3230 689 3312 VIII,
726 3232 777 3311 48,
813 3232 840 3294 2.
888 3229 951 3300 Τδς
987 3227 1075 3311 παρὰ
1107 3233 1353 3312 Τισσαφέρνους

266 3335 443 3402 Φοινίσσας
464 3334 544 3402 ναῦς
567 3332 652 3409 VIII,
679 3335 728 3414 78,
753 3336 781 3398 2,

348 3439 384 3523 β)
407 3455 446 3499 ex
475 3436 608 3500 articulo
645 3438 812 3501 masculini
846 3437 984 3519 generis.
1030 3434 1086 3498 Ex.
1119 3434 1162 3497 Οί
1183 3432 1272 3515 παρὰ
1296 3433 1353 3495 τοῦ

265 3540 448 3620 Περδίκκου
472 3537 525 3613 IV,
550 3539 599 3609 83,
625 3539 654 3602 2.
679 3539 741 3603 Cfr.
768 3540 835 3619 Vll,
861 3541 911 3614 10,
940 3543 963 3600 1.

349 3642 382 3727 γ)
407 3660 445 3705 ex
469 3641 654 3725 pronomine
678 3640 841 3708 indefinito
861 3639 916 3712 ιὶς.
962 3640 1018 3704 Ex.
1041 3634 1222 3724 Ἐκήροξαν
1245 3636 1280 3700 δὲ
1302 3639 1352 3712 (οἱ

264 3743 533 3823 Λακεδαιμόνιοι)
566 3744 597 3808 εί
631 3768 676 3816 τις
705 3746 854 3827 βούλεται
878 3743 966 3827 παρὰ
990 3744 1084 3824 σφων
1108 3742 1283 3827 (profectus
1308 3740 1348 3804 ab

266 3849 360 3933 ipsis,
395 3867 453 3912 aus
488 3843 573 3913 ihrer
595 3849 693 3914 Mitte.
717 3851 851 3932 Krueg.)
896 3843 1094 3932 Ἀθηναίους
1118 3846 1291 3930 ληίζεσθαι
1315 3846 1352 3934 V,

271 3955 339 4028 115,
380 3957 405 4017 l.
454 3939 511 4024 Οἷς
545 3948 572 4031 γ’
605 3953 782 4032 ἐπίσταμαι
818 3948 895 4016 od'u'
920 3956 1043 4022 ἵππους
1066 3945 1354 4035 ιίκολοοδιγοονιας

269 4051 339 4117 οὐδ’
372 4050 516 4119 αὐτόθεν
551 4055 604 4138 (ἐκ
631 4059 687 4143 τῆς
709 4057 859 4128 Σικελίας
883 4055 969 4130 soh.)
994 4056 1303 4136 πορισδιγσογιένοος
1324 4051 1354 4114 εί

268 4155 314 4243 μὴ
340 4153 469 4235 ὀλίγους
490 4155 579 4228 τινὰς
601 4153 680 4242 παρ’
703 4154 898 4239 Ἐγεσταίων
923 4159 976 4239 VI,
1001 4158 1051 4232 37,
1075 4157 1105 4220 2.
1143 4210 1146 4223 .
