3082 5648
602 850 642 917 13

78 1007 231 1096 ἡγοῦνται
257 1007 303 1094 μὴ
326 1005 502 1086 μέλλοντάς
515 1029 547 1071 σι
570 1005 662 1083 ἄξιον
681 1009 740 1071 τοῦ
763 1005 851 1091 παρὰ
874 1005 960 1072 nota
984 1006 1070 1079 (aud.
1087 1027 1167 1090 προ-

80 1116 299 1198 νενικηκέναι)
329 1113 465 1194 πράξειν
494 1109 720 1178 dauravardai
749 1111 830 1194 ὑμᾶς
856 1115 896 1197 11,
922 1116 972 1195 89,
997 1115 1026 1178 3.
1071 1111 1167 1190 (Quia

80 1237 208 1303 semper
232 1217 317 1301 apud
343 1217 567 1302 Thucydidem
593 1217 634 1282 ad
656 1218 786 1282 verbum
803 1217 1052 1302 comparatiuum
1076 1215 1166 1298 παρὰ

79 1324 166 1386 πολύ
196 1323 379 1407 appositum
414 1328 477 1407 est,
509 1323 685 1406 Kruegero,
721 1321 876 1404 Boehme‚
901 1322 973 1387 aliis
1008 1323 1167 1387 assentior

78 1426 208 1492 verbum
232 1430 500 1512 προνενικηκέναι
522 1423 717 1490 antecedens
736 1424 929 1490 audiendum
950 1444 1040 1507 esse,
1064 1444 1167 1508 neque

80 1529 241 1612 aprincato
263 1528 459 1606 iterandum,
483 1547 585 1611 neque
602 1528 668 1594 haec
687 1527 720 1592 ιδ
745 1528 834 1612 παρὰ
860 1528 948 1592 πολί
963 1537 997 1593 ut
1019 1528 1167 1594 substan-

78 1632 176 1697 tivum
201 1630 359 1714 quoddam
379 1651 492 1696 nomen
510 1651 584 1696 esse
607 1631 809 1716 ponendum,
832 1638 866 1696 ut
886 1632 952 1696 vuit
968 1632 1091 1717 Poppo,
1115 1632 1167 1713 qui

79 1736 186 1799 vertit:
202 1732 337 1818 ”aliquid
354 1734 485 1816 dignum
501 1734 658 1816 singulari
673 1737 723 1799 vel
743 1735 860 1800 eximia
872 1735 990 1817 agendi
1009 1735 1168 1808 ratione-”r

164 1838 212 1901 Ex
240 1838 336 1902 verbo
366 1837 518 1920 negativa
548 1836 784 1919 significatione
814 1836 946 1922 praedito
975 1857 1167 1920 suspensum

79 1940 170 2024 παρά
192 1960 261 2004 cum
286 1942 472 2006 accusativo
496 1940 697 2025 conjunctum
720 1943 820 2006 semel
836 1939 922 2026 apud
945 1939 1167 2024 Thucydidem

80 2052 250 2128 usurpatur
272 2043 315 2108 ad
338 2041 586 2126 designandum,
621 2046 741 2108 nullam
771 2043 1044 2128 comparationem
1072 2043 1168 2107 ullius

78 2149 122 2212 rei
145 2147 212 2211 fieri
240 2166 352 2230 posse,
376 2166 446 2230 quae
463 2147 511 2211 vis
528 2148 762 2231 praepositionis
783 2147 874 2230 παρά
896 2167 936 2212 ex
953 2145 1169 2230 comparativo

77 2271 136 2316 usu
153 2248 332 2314 derivanda
355 2269 429 2314 esse
455 2256 486 2314 et
502 2252 719 2316 exclusionem
746 2250 907 2334 quandam
924 2250 1107 2334 significare
1123 2250 1168 2313 vi-

79 2353 187 2418 detur:
210 2354 273 2415 τῶν
289 2351 421 2415 πάντων
439 2348 641 2433 άπερίοπτοί
654 2355 719 2417 εἰσι
741 2354 830 2437 παρὰ
853 2354 890 2417 τὸ
914 2358 1007 2418 νικᾶν
1029 2354 1052 2437 Ι,
1070 2355 1121 2435 41,
1139 2354 1168 2416 3.

162 2456 210 2521 Ab
236 2475 276 2520 ea
301 2455 521 2538 comparativa
547 2454 782 2538 significatione
808 2457 923 2523 locutio
952 2451 1031 2539 παρ’
1058 2451 1169 2535 ὀλίγον

81 2578 180 2642 prope
203 2559 311 2640 abest,
334 2576 525 2641 quamquam
548 2579 566 2622 a
590 2560 719 2644 propria
735 2561 790 2626 illa
811 2580 906 2644 quam
929 2559 1062 2644 primam
1083 2579 1167 2624 com·

79 2662 324 2726 memoravimus
347 2660 581 2742 significatione
604 2662 712 2744 locali,
746 2664 799 2728 ubi
829 2662 919 2746 παρά
941 2681 1012 2726 oum
1036 2680 1168 2725 accusa-

79 2765 142 2829 tivo
166 2765 368 2849 conjunctum
391 2763 526 2845 indicat,
555 2764 675 2847 aliquid
705 2765 746 2828 ad
778 2767 917 2850 aliquam
942 2784 1006 2829 rem
1031 2764 1167 2846 moveri,

79 2868 222 2953 profecta
259 2887 332 2931 esse
361 2865 487 2930 videtur
515 2867 571 2930 ilia
600 2867 792 2949 significatio
820 2891 919 2954 araque
942 2870 985 2931 ad
1004 2869 1168 2951 paullum,

78 2992 139 3054 qua
164 2970 362 3053 significatur
378 2971 519 3054 paullum
540 2971 697 3046 abfuisse,
720 2972 793 3054 quin
819 2969 903 3053 quod
927 2969 1024 3035 verbo
1047 2971 1168 3035 indica-

79 3082 164 3140 retur
186 3075 304 3138 factum
333 3080 437 3139 esset:
473 3071 541 3138 'Aoi
571 3073 628 3154 γάρ
653 3071 731 3158 παρ’
754 3070 864 3153 ὀλίγον
894 3065 915 3159 ἢ
945 3074 1119 3155 διέφευγον
1148 3063 1171 3159 ἢ

80 3174 272 3240 άπάλλυντο
294 3178 364 3258 Vll,
391 3179 439 3260 71,
464 3179 493 3247 3,

166 3280 290 3346 Eadem
313 3302 376 3365 qua
399 3281 516 3346 locutio
545 3275 624 3364 παρ’
646 3275 757 3360 ὀλίγον
784 3281 908 3346 ratIone
937 3280 983 3346 ha
1009 3282 1105 3346 etiam
1126 3282 1169 3345 lo-

77 3388 221 3451 cutiones
246 3385 528 3469 adedremmon,
557 3380 635 3465 παρ)
658 3382 827 3462 ἐλάχιστον
857 3393 930 3450 sunt
956 3385 1164 3470 explicandae,

80 3493 198 3576 quippe
222 3492 337 3572 quibus
361 3490 567 3572 significetur,
591 3510 685 3573 quam
702 3489 841 3575 paullum
859 3491 1011 3574 abfuerit,
1035 3491 1109 3575 quin
1125 3490 1168 3574 id,

79 3596 164 3678 quod
188 3596 285 3659 verbo
308 3594 515 3672 indicaretur,
540 3594 657 3658 iactum
678 3599 774 3658 esset.
819 3593 897 3659 Cum
914 3595 1022 3660 verbis
1045 3595 1167 3670 ἐλθεῖν,

77 3702 247 3778 γίγνεσθαι
262 3718 306 3764 eae
319 3698 559 3782 conjunguntur,
581 3717 598 3762 e
617 3690 923 3781 qua'conjunotione
942 3705 997 3762 ant
1008 3699 1167 3781 genitivus

77 3805 265 3871 substantivi
291 3803 458 3889 cujusdam
485 3803 605 3888 pendet
629 3809 684 3868 aut
707 3803 880 3868 infinitivus
907 3823 1084 3888 suspensus
1109 3813 1166 3868 cst.

162 3911 221 3976 Ex.
256 3908 351 3993 Παρὰ
379 3911 536 3973 τοσοῦτον
562 3907 622 3989 μὲν
652 3907 672 3995 ἡ
703 3907 876 3995 Μυτιλήνη
907 3899 992 3995 ἦλθε
1014 3909 1166 3973 κινδύνου

76 4016 135 4090 ΙΙΙ,
158 4016 209 4098 49,
235 4017 264 4080 3.
299 4013 395 4097 Παρὰ
417 4016 574 4077 τοσοῦτον
589 4011 650 4091 μὲν
665 4011 874 4096 Συράκουσαι
889 4003 996 4100 ἦλθον
1011 4015 1163 4078 κινδύνου

78 4119 147 4202 VII,
172 4121 201 4202 2,
226 4122 255 4185 ὃ.
300 4116 362 4182 Καὶ
386 4118 475 4200 παρὰ
498 4119 655 4180 τοσοῦτον
685 4113 800 4197 ἐγένετ’
830 4114 932 4201 αὐτῷ,
955 4119 1000 4205 ,νὴ
1030 4139 1166 4201 περιπε-

77 4233 147 4287 σεῖν
174 4232 241 4295 τοῖς
270 4219 461 4309 Ἀθηναίοις
490 4222 577 4299 VIII,
606 4223 656 4302 33,
684 4223 713 4285 2.
759 4217 845 4284 'Adi'
873 4217 894 4308 ἢ
923 4223 1061 4305 (Σάμος)
1090 4217 1169 4302 παρ’

77 4327 247 4406 ἐλάχιστον
273 4326 312 4414 δὴ
341 4317 426 4413 ἦλθε
453 4325 489 4388 τὸ
525 4322 711 4411 Ἀθηναίων
744 4325 860 4408 κράτος
897 4329 953 4412 τῆς
980 4325 1168 4411 θαλάσσης,

78 4425 131 4494 ὅτε
155 4431 375 4516 ἐπολέμησεν,
398 4426 585 4512 ἀφελέσθαι
608 4430 693 4507 VIII,
718 4431 768 4511 76,
794 4431 822 4493 3.

161 4536 255 4600 Haud
280 4535 407 4600 dubium
431 4542 493 4616 est,
520 4534 595 4617 quin
619 4533 679 4598 huc
703 4535 744 4599 sit
774 4532 1034 4599 adnumerandus
1058 4535 1166 4598 locus:

76 4639 138 4703 Καὶ
152 4640 212 4727 τὴν
228 4639 287 4719 μὲν
304 4636 507 4721 Ἀμφίπολιν
522 4640 688 4724 Βρασίδας
704 4636 776 4724 ἄρτι
792 4632 889 4717 εἶχεν,
912 4636 971 4724 την
989 4637 1025 4700 δὲ
1047 4633 1166 4702 Ἠιόνα
