3210 5108
567 1461 807 1544 Praepositionis
832 1465 965 1535 ΙΙΛΡΑ,
988 1460 1078 1543 cujus
1106 1459 1145 1522 dc
1174 1460 1273 1523 forma
1304 1468 1336 1522 ct
1358 1458 1480 1540 origine
1506 1457 1569 1521 vid.

483 1564 607 1628 Kuehn.
623 1567 658 1638 ¹).
688 1562 871 1643 Fritsch.²),
903 1563 1038 1645 ΟΜΝ),
1066 1564 1211 1645 rasso),
1242 1563 1393 1645 primaria
1417 1569 1449 1626 ot
1471 1580 1569 1643 genc-

485 1667 561 1731 ralis
585 1666 789 1749 significatio,
814 1686 883 1749 quae
903 1686 1030 1750 semper
1052 1667 1164 1731 localis
1189 1677 1253 1744 est,
1278 1666 1310 1729 in
1327 1675 1391 1730 tres
1409 1666 1569 1750 speciales

483 1769 670 1833 distrahitur
704 1791 741 1834 cx
777 1777 889 1833 natura
926 1789 1055 1833 casuum
1091 1769 1276 1852 quibuscum
1301 1769 1498 1852 componitur
1522 1768 1569 1833 di-

483 1891 604 1937 versas.

1012 2059 1035 2121 1.

571 2182 663 2260 tropo?
687 2204 754 2248 cum
780 2184 964 2249 accusativo
989 2182 1188 2265 conjunctum
1225 2209 1228 2217 ¹

568 2288 610 2366 A)
634 2288 728 2351 locali
752 2288 986 2369 significatione

568 2389 601 2468 a)
625 2409 665 2452 cx
689 2390 792 2453 vorbis
815 2400 931 2453 motam
956 2388 1210 2471 significantibus
1235 2394 1289 2449 aut
1312 2407 1350 2450 os
1379 2388 1434 2463 iis,
1456 2388 1569 2471 quibus

484 2497 586 2554 motus
610 2491 802 2573 significatio
828 2500 912 2555 certa
933 2493 1071 2556 involuta
1098 2498 1159 2571 est,
1185 2509 1376 2572 suspensum
1401 2498 1571 2574 usurpatur

484 2592 525 2656 ad
560 2593 812 2678 designandum,
841 2612 902 2677 quc
925 2603 1025 2659 motus
1050 2595 1105 2659 tiat-
1131 2597 1183 2659 vct
1203 2596 1233 2658 in
1260 2594 1348 2677 cujus
1373 2595 1568 2659 vicinitatem

483 2698 558 2780 quid
582 2697 747 2780 dirigatur.
793 2698 889 2782 Apud
913 2697 1135 2782 Thucydidem
1159 2700 1215 2763 itta
1239 2697 1475 2780 significatione
1499 2718 1569 2762 cum

484 2801 533 2865 his
559 2801 664 2865 verbis
688 2809 719 2864 ct
743 2802 949 2865 locutionibus
974 2801 1066 2883 παρα
1089 2802 1206 2864 παιπίαἰ
1232 2802 1356 2865 cuidam
1382 2801 1431 2865 vel
1454 2822 1570 2885 prono·

483 2905 558 2970 mini
587 2904 791 2988 praepositum
814 2903 1030 2988 conjungitur:
1066 2900 1215 2980 ιῖπιὲναι,
1240 2902 1473 2985 α’φικνεῖσθαι,
1501 2904 1570 2967 δια·

483 3009 592 3084 πλεῖν,
606 3009 788 3089 διαμετρεῖν,
800 3006 933 3084 ἐσιέναι,
946 3008 1120 3090 ἔρχεσθαι,
1133 3004 1348 3089 ἀνέρχεσθαι,
1362 3006 1571 3088 ἐξεῖρχεσθαι,

483 3111 679 3190 ἑσκομίζειν,
708 3104 816 3196 ἥκειν,
847 3111 1038 3189 καταλύειν,
1061 3110 1292 3193 καταφεύγειν,
1317 3112 1475 3189 κομίζειν,
1499 3113 1570 3192 (με·

485 3211 699 3293 τανιστάναι,)
732 3213 948 3292 μεθιστάναι,
986 3213 1215 3293 μεταῑιὶσσειν,
1256 3216 1415 3292 πέμπειν,
1450 3212 1572 3293 ἐκπέμ-

540 3377 577 3489 ΙῙ)
596 3420 775 3474 Ausfuhrlichc
799 3417 959 3473 Grammatik
987 3419 1033 3473 der
1056 3418 1237 3472 Griechischcn
1257 3419 1368 3488 Sprachc
1387 3436 1436 3473 von
1453 3420 1500 3474 D:r
1518 3421 1570 3473 Ra-

479 3510 554 3579 phattl
572 3509 685 3562 Kuhncr.
721 3508 772 3560 ate
792 3507 905 3576 Auflage.
942 3507 1167 3560 Hannovar1872
1210 3506 1245 3569 u,
1268 3508 1288 3560 l.
1308 3524 1367 3577 pag.
1386 3508 1445 3562 441.

551 3613 578 3673 2)
597 3612 655 3665 Viri.
675 3626 752 3678 supra
769 3626 827 3679 pag.
847 3610 871 3673 2,
891 3610 949 3664 adn.

550 3717 577 3784 3)
596 3716 626 3769 G.
646 3713 761 3777 Curtius,
781 3711 934 3782 Grunrlziige
948 3713 993 3766 dcr
1005 3713 1187 3768 Griechischcu
1200 3714 1372 3784 Etymologie.
1390 3716 1477 3786 Leipz.
1494 3715 1570 3771 1873.

480 3820 537 3872 pag.
557 3802 617 3855 269.
650 3799 707 3853 Vid.
732 3809 856 3868 praterea
881 3799 986 3853 Librum
1016 3799 1071 3869 ejus
1090 3817 1167 3869 supra
1189 3801 1216 3853 in
1234 3817 1293 3869 pag.
1316 3801 1338 3853 1.
1357 3805 1523 3865 annotatum,
1542 3803 1570 3855 in

480 3906 529 3954 quo
547 3890 617 3942 inest
633 3886 783 3956 Disputatio
800 3886 864 3940 Rau.
884 3885 965 3955 Pagg.
995 3885 1072 3939 4-8.

547 3993 574 4059 4)
595 3988 830 4044 Handwdrtcrbuch
849 3989 894 4042 der
920 3987 1101 4043 Griechischen
1129 3991 1239 4061 Spractre
1268 4008 1314 4044 ron
1344 3992 1424 4046 Franz
1447 3990 1560 4047 Passow.

479 4077 575 4131 d‘irut'tc
592 4078 708 4144 Auflage.
728 4093 747 4128 s.
768 4093 790 4128 v.
810 4077 897 4144 παρά.
