<?xml version="1.0" encoding="UTF-8"?>
<!DOCTYPE html PUBLIC "-//W3C//DTD XHTML 1.0 Transitional//EN"
    "http://www.w3.org/TR/xhtml1/DTD/xhtml1-transitional.dtd">
<html xmlns="http://www.w3.org/1999/xhtml" xml:lang="en" lang="en">
 <head>
  <title>
</title>
<meta http-equiv="Content-Type" content="text/html;charset=utf-8" />
  <meta name='ocr-system' content='tesseract 3.04.00' />
  <meta name='ocr-capabilities' content='ocr_page ocr_carea ocr_par ocr_line ocrx_word'/>
</head>
<body>
  <div class='ocr_page' id='page_1' title='image "./deusuprposition00alvigoog_0007.png"; bbox 0 0 3210 5108; ppageno 0'>
   <div class='ocr_carea' id='block_1_1' title="bbox 1030 372 1050 434">
    <p class='ocr_par' dir='ltr' id='par_1_1' title="bbox 1030 372 1050 434">
     <span class='ocr_line' id='line_1_1' title="bbox 1030 372 1050 434; baseline 0 0"><span class='ocrx_word' id='word_1_1' title='bbox 1030 372 1050 434; x_wconf 78' lang='lat'>2</span> 
     </span>
    </p>
   </div>
   <div class='ocr_carea' id='block_1_2' title="bbox 492 518 1603 3802">
    <p class='ocr_par' dir='ltr' id='par_1_2' title="bbox 494 518 1586 899">
     <span class='ocr_line' id='line_1_2' title="bbox 495 518 1585 608; baseline -0.002 -17"><span class='ocrx_word' id='word_1_2' title='bbox 495 518 627 592; x_wconf 87' lang='lat' dir='ltr'>nischeir</span> <span class='ocrx_word' id='word_1_3' title='bbox 678 527 888 591; x_wconf 83' lang='lat' dir='ltr'>Grammatik.</span> <span class='ocrx_word' id='word_1_4' title='bbox 956 526 1077 591; x_wconf 88' lang='lat' dir='ltr'>Dritter</span> <span class='ocrx_word' id='word_1_5' title='bbox 1121 524 1223 590; x_wconf 89' lang='lat' dir='ltr'>Band.</span> <span class='ocrx_word' id='word_1_6' title='bbox 1290 525 1424 608; x_wconf 81' lang='lat' dir='ltr'><strong>Leipzig</strong></span> <span class='ocrx_word' id='word_1_7' title='bbox 1469 525 1585 589; x_wconf 69' lang='lat' dir='ltr'>tsto&#39;t</span> 
     </span>
     <span class='ocr_line' id='line_1_3' title="bbox 495 627 1585 712; baseline -0.003 -19"><span class='ocrx_word' id='word_1_8' title='bbox 495 629 693 712; x_wconf 79' lang='lat' dir='ltr'>Quamquam</span> <span class='ocrx_word' id='word_1_9' title='bbox 724 629 859 693; x_wconf 91' lang='lat' dir='ltr'>instituti</span> <span class='ocrx_word' id='word_1_10' title='bbox 890 630 987 693; x_wconf 83' lang='lat' dir='ltr'>nostri</span> <span class='ocrx_word' id='word_1_11' title='bbox 1013 631 1167 692; x_wconf 84' lang='lat' dir='ltr'>rationem</span> <span class='ocrx_word' id='word_1_12' title='bbox 1191 649 1253 691; x_wconf 91' lang='lat' dir='ltr'>nou</span> <span class='ocrx_word' id='word_1_13' title='bbox 1281 629 1487 704; x_wconf 89' lang='lat' dir='ltr'>mutavimus,</span> <span class='ocrx_word' id='word_1_14' title='bbox 1513 627 1585 691; x_wconf 88' lang='lat' dir='ltr'>fieri</span> 
     </span>
     <span class='ocr_line' id='line_1_4' title="bbox 494 731 1586 816; baseline -0.002 -20"><span class='ocrx_word' id='word_1_15' title='bbox 494 753 554 797; x_wconf 94' lang='lat' dir='ltr'>non</span> <span class='ocrx_word' id='word_1_16' title='bbox 578 733 693 816; x_wconf 88' lang='lat' dir='ltr'>potuit,</span> <span class='ocrx_word' id='word_1_17' title='bbox 729 732 802 814; x_wconf 90' lang='lat' dir='ltr'>quin</span> <span class='ocrx_word' id='word_1_18' title='bbox 838 752 918 816; x_wconf 89' lang='lat' dir='ltr'>opus</span> <span class='ocrx_word' id='word_1_19' title='bbox 942 731 1020 798; x_wconf 88' lang='lat' dir='ltr'>iilud</span> <span class='ocrx_word' id='word_1_20' title='bbox 1044 731 1220 796; x_wconf 79' lang='lat' dir='ltr'>doctissimi</span> <span class='ocrx_word' id='word_1_21' title='bbox 1247 732 1303 794; x_wconf 92' lang='lat' dir='ltr'>viri</span> <span class='ocrx_word' id='word_1_22' title='bbox 1330 732 1458 795; x_wconf 89' lang='lat' dir='ltr'>muitum</span> <span class='ocrx_word' id='word_1_23' title='bbox 1483 733 1586 815; x_wconf 88' lang='lat' dir='ltr'>respi-</span> 
     </span>
     <span class='ocr_line' id='line_1_5' title="bbox 495 854 651 899; baseline -0.006 0"><span class='ocrx_word' id='word_1_24' title='bbox 495 854 651 899; x_wconf 87' lang='lat' dir='ltr'>oeremus.</span> 
     </span>
    </p>

    <p class='ocr_par' dir='ltr' id='par_1_3' title="bbox 493 935 1587 1333">
     <span class='ocr_line' id='line_1_6' title="bbox 581 935 1585 1022; baseline -0.004 -20"><span class='ocrx_word' id='word_1_25' title='bbox 581 936 645 1002; x_wconf 85' lang='lat' dir='ltr'>Sed</span> <span class='ocrx_word' id='word_1_26' title='bbox 670 945 839 1019; x_wconf 80' lang='lat' dir='ltr'>antequam</span> <span class='ocrx_word' id='word_1_27' title='bbox 864 937 895 1001; x_wconf 93' lang='lat' dir='ltr'>id</span> <span class='ocrx_word' id='word_1_28' title='bbox 920 938 1003 1018; x_wconf 87' lang='lat' dir='ltr'>quod</span> <span class='ocrx_word' id='word_1_29' title='bbox 1032 938 1254 1022; x_wconf 84' lang='lat' dir='ltr'>proposuimus</span> <span class='ocrx_word' id='word_1_30' title='bbox 1280 935 1495 1016; x_wconf 80' lang='lat' dir='ltr'>aggredimur,</span> <span class='ocrx_word' id='word_1_31' title='bbox 1520 954 1585 999; x_wconf 91' lang='lat' dir='ltr'>non</span> 
     </span>
     <span class='ocr_line' id='line_1_7' title="bbox 493 1039 1587 1125; baseline -0.003 -19"><span class='ocrx_word' id='word_1_32' title='bbox 493 1042 613 1119; x_wconf 85' lang='lat' dir='ltr'>inutile,</span> <span class='ocrx_word' id='word_1_33' title='bbox 637 1041 759 1123; x_wconf 87' lang='lat' dir='ltr'>opinor,</span> <span class='ocrx_word' id='word_1_34' title='bbox 783 1042 843 1105; x_wconf 86' lang='lat' dir='ltr'>erit</span> <span class='ocrx_word' id='word_1_35' title='bbox 866 1040 907 1104; x_wconf 87' lang='lat' dir='ltr'>ad</span> <span class='ocrx_word' id='word_1_36' title='bbox 931 1043 1035 1125; x_wconf 89' lang='lat' dir='ltr'>ipsam</span> <span class='ocrx_word' id='word_1_37' title='bbox 1061 1061 1125 1104; x_wconf 86' lang='lat' dir='ltr'>rem</span> <span class='ocrx_word' id='word_1_38' title='bbox 1143 1039 1369 1104; x_wconf 85' lang='lat' dir='ltr'>declarandam</span> <span class='ocrx_word' id='word_1_39' title='bbox 1394 1057 1587 1122; x_wconf 81' lang='lat' dir='ltr'>proponere,</span> 
     </span>
     <span class='ocr_line' id='line_1_8' title="bbox 495 1140 1586 1228; baseline -0.004 -19"><span class='ocrx_word' id='word_1_40' title='bbox 495 1165 534 1209; x_wconf 87' lang='lat' dir='ltr'>ea</span> <span class='ocrx_word' id='word_1_41' title='bbox 575 1164 644 1228; x_wconf 87' lang='lat' dir='ltr'>quan</span> <span class='ocrx_word' id='word_1_42' title='bbox 686 1144 756 1207; x_wconf 91' lang='lat' dir='ltr'>Rau</span> <span class='ocrx_word' id='word_1_43' title='bbox 790 1144 835 1207; x_wconf 88' lang='lat' dir='ltr'>iiii</span> <span class='ocrx_word' id='word_1_44' title='bbox 870 1164 941 1208; x_wconf 91' lang='lat' dir='ltr'>cum</span> <span class='ocrx_word' id='word_1_45' title='bbox 971 1145 1008 1209; x_wconf 83' lang='lat' dir='ltr'>G.</span> <span class='ocrx_word' id='word_1_46' title='bbox 1050 1145 1158 1210; x_wconf 79' lang='lat' dir='ltr'>Curtio</span> <span class='ocrx_word' id='word_1_47' title='bbox 1193 1143 1398 1223; x_wconf 82' lang='lat' dir='ltr'>conueniunt,</span> <span class='ocrx_word' id='word_1_48' title='bbox 1442 1140 1586 1205; x_wconf 85' lang='lat' dir='ltr'>historias</span> 
     </span>
     <span class='ocr_line' id='line_1_9' title="bbox 494 1245 1372 1333; baseline -0.006 -20"><span class='ocrx_word' id='word_1_49' title='bbox 494 1247 755 1333; x_wconf 87' lang='lat' dir='ltr'>praepositionum</span> <span class='ocrx_word' id='word_1_50' title='bbox 779 1249 839 1311; x_wconf 85' lang='lat' dir='ltr'>tria</span> <span class='ocrx_word' id='word_1_51' title='bbox 862 1256 1004 1332; x_wconf 89' lang='lat' dir='ltr'>tempora</span> <span class='ocrx_word' id='word_1_52' title='bbox 1028 1245 1256 1328; x_wconf 84' lang='lat' dir='ltr'>distinguenda</span> <span class='ocrx_word' id='word_1_53' title='bbox 1283 1264 1372 1309; x_wconf 89' lang='lat' dir='ltr'>esse:</span> 
     </span>
    </p>

    <p class='ocr_par' dir='ltr' id='par_1_4' title="bbox 581 1348 1585 1434">
     <span class='ocr_line' id='line_1_10' title="bbox 581 1348 1585 1434; baseline -0.006 -19"><span class='ocrx_word' id='word_1_54' title='bbox 581 1352 605 1415; x_wconf 94' lang='lat' dir='ltr'>I.</span> <span class='ocrx_word' id='word_1_55' title='bbox 652 1349 771 1414; x_wconf 86' lang='lat' dir='ltr'>Omnes</span> <span class='ocrx_word' id='word_1_56' title='bbox 796 1351 1039 1434; x_wconf 83' lang='lat' dir='ltr'>praepositiones</span> <span class='ocrx_word' id='word_1_57' title='bbox 1063 1350 1162 1413; x_wconf 83' lang='lat' dir='ltr'>inisse</span> <span class='ocrx_word' id='word_1_58' title='bbox 1191 1348 1359 1428; x_wconf 87' lang='lat' dir='ltr'>adverbia,</span> <span class='ocrx_word' id='word_1_59' title='bbox 1386 1348 1434 1411; x_wconf 90' lang='lat' dir='ltr'>sui</span> <span class='ocrx_word' id='word_1_60' title='bbox 1454 1348 1585 1431; x_wconf 83' lang='lat' dir='ltr'>juris‘).</span> 
     </span>
    </p>

    <p class='ocr_par' dir='ltr' id='par_1_5' title="bbox 495 1450 1586 1640">
     <span class='ocr_line' id='line_1_11' title="bbox 581 1450 1586 1537; baseline -0.008 -17"><span class='ocrx_word' id='word_1_61' title='bbox 581 1456 622 1520; x_wconf 85' lang='grc' dir='ltr'>ΙΙ.</span> <span class='ocrx_word' id='word_1_62' title='bbox 676 1453 925 1537; x_wconf 88' lang='lat' dir='ltr'>Praepositiones</span> <span class='ocrx_word' id='word_1_63' title='bbox 966 1463 1078 1518; x_wconf 85' lang='lat' dir='ltr'>natura</span> <span class='ocrx_word' id='word_1_64' title='bbox 1113 1452 1312 1536; x_wconf 82' lang='lat' dir='ltr'>praefixorum</span> <span class='ocrx_word' id='word_1_65' title='bbox 1348 1450 1477 1515; x_wconf 86' lang='lat' dir='ltr'>indutas</span> <span class='ocrx_word' id='word_1_66' title='bbox 1512 1469 1586 1513; x_wconf 79' lang='lat' dir='ltr'>crim</span> 
     </span>
     <span class='ocr_line' id='line_1_12' title="bbox 495 1557 927 1640; baseline 0 -20"><span class='ocrx_word' id='word_1_67' title='bbox 495 1557 602 1621; x_wconf 88' lang='lat' dir='ltr'>verbis</span> <span class='ocrx_word' id='word_1_68' title='bbox 626 1576 700 1621; x_wconf 89' lang='lat' dir='ltr'>esse</span> <span class='ocrx_word' id='word_1_69' title='bbox 723 1557 927 1640; x_wconf 89' lang='lat' dir='ltr'>compositas.</span> 
     </span>
    </p>

    <p class='ocr_par' dir='ltr' id='par_1_6' title="bbox 493 1655 1603 3081">
     <span class='ocr_line' id='line_1_13' title="bbox 580 1655 1585 1742; baseline -0.007 -18"><span class='ocrx_word' id='word_1_70' title='bbox 580 1661 638 1724; x_wconf 88' lang='lat'><em>111.</em></span> <span class='ocrx_word' id='word_1_71' title='bbox 683 1659 932 1742; x_wconf 88' lang='lat' dir='ltr'>Praepositiones</span> <span class='ocrx_word' id='word_1_72' title='bbox 968 1679 1037 1723; x_wconf 92' lang='lat' dir='ltr'>cum</span> <span class='ocrx_word' id='word_1_73' title='bbox 1073 1659 1199 1723; x_wconf 90' lang='lat' dir='ltr'>casibus</span> <span class='ocrx_word' id='word_1_74' title='bbox 1229 1657 1387 1721; x_wconf 91' lang='lat' dir='ltr'>nominum</span> <span class='ocrx_word' id='word_1_75' title='bbox 1417 1655 1585 1739; x_wconf 82' lang='lat' dir='ltr'>conjungi,</span> 
     </span>
     <span class='ocr_line' id='line_1_14' title="bbox 495 1757 1586 1845; baseline -0.005 -19"><span class='ocrx_word' id='word_1_76' title='bbox 495 1782 533 1826; x_wconf 91' lang='lat' dir='ltr'>eo</span> <span class='ocrx_word' id='word_1_77' title='bbox 557 1762 689 1826; x_wconf 89' lang='lat' dir='ltr'>consilio</span> <span class='ocrx_word' id='word_1_78' title='bbox 715 1772 747 1825; x_wconf 91' lang='lat' dir='ltr'>ut</span> <span class='ocrx_word' id='word_1_79' title='bbox 768 1763 864 1826; x_wconf 87' lang='lat' dir='ltr'>variae</span> <span class='ocrx_word' id='word_1_80' title='bbox 888 1782 1019 1826; x_wconf 84' lang='lat' dir='ltr'>casuum</span> <span class='ocrx_word' id='word_1_81' title='bbox 1049 1761 1301 1845; x_wconf 82' lang='lat' dir='ltr'>significationes</span> <span class='ocrx_word' id='word_1_82' title='bbox 1331 1759 1511 1823; x_wconf 88' lang='lat' dir='ltr'>accuratius</span> <span class='ocrx_word' id='word_1_83' title='bbox 1538 1757 1586 1821; x_wconf 91' lang='lat' dir='ltr'>di-</span> 
     </span>
     <span class='ocr_line' id='line_1_15' title="bbox 496 1867 1603 1948; baseline -0.003 -19"><span class='ocrx_word' id='word_1_84' title='bbox 496 1867 707 1948; x_wconf 82' lang='lat' dir='ltr'>stinguantur.</span> <span class='ocrx_word' id='word_1_85' title='bbox 1276 1912 1277 1919; x_wconf 45' lang='lat'>,</span> <span class='ocrx_word' id='word_1_86' title='bbox 1597 1934 1603 1948; x_wconf 29' lang='grc' dir='ltr'>ι</span> 
     </span>
     <span class='ocr_line' id='line_1_16' title="bbox 580 1966 1595 2052; baseline -0.009 -18"><span class='ocrx_word' id='word_1_87' title='bbox 580 1966 753 2034; x_wconf 82' lang='lat' dir='ltr'>Contendit</span> <span class='ocrx_word' id='word_1_88' title='bbox 785 1975 940 2052; x_wconf 66' lang='lat' dir='ltr'>praeterea</span> <span class='ocrx_word' id='word_1_89' title='bbox 964 1969 1048 2032; x_wconf 87' lang='lat' dir='ltr'>Rau.</span> <span class='ocrx_word' id='word_1_90' title='bbox 1074 1969 1108 2033; x_wconf 94' lang='lat' dir='ltr'>id</span> <span class='ocrx_word' id='word_1_91' title='bbox 1130 1967 1302 2032; x_wconf 89' lang='lat' dir='ltr'>tenendum</span> <span class='ocrx_word' id='word_1_92' title='bbox 1327 1985 1410 2046; x_wconf 89' lang='lat' dir='ltr'>esse,</span> <span class='ocrx_word' id='word_1_93' title='bbox 1429 1984 1469 2026; x_wconf 80' lang='lat' dir='ltr'>ex</span> <span class='ocrx_word' id='word_1_94' title='bbox 1497 1983 1595 2046; x_wconf 57' lang='lat' dir='ltr'>prusa</span> 
     </span>
     <span class='ocr_line' id='line_1_17' title="bbox 495 2070 1585 2155; baseline -0.006 -19"><span class='ocrx_word' id='word_1_95' title='bbox 495 2072 708 2155; x_wconf 84' lang='lat' dir='ltr'>positionibus</span> <span class='ocrx_word' id='word_1_96' title='bbox 743 2070 828 2133; x_wconf 83' lang='lat' dir='ltr'>nullo</span> <span class='ocrx_word' id='word_1_97' title='bbox 864 2071 957 2134; x_wconf 91' lang='lat' dir='ltr'>modo</span> <span class='ocrx_word' id='word_1_98' title='bbox 992 2090 1088 2136; x_wconf 84' lang='lat' dir='ltr'>casus</span> <span class='ocrx_word' id='word_1_99' title='bbox 1124 2090 1300 2154; x_wconf 85' lang='lat' dir='ltr'>suspensos</span> <span class='ocrx_word' id='word_1_100' title='bbox 1326 2089 1414 2148; x_wconf 89' lang='lat' dir='ltr'>esse,</span> <span class='ocrx_word' id='word_1_101' title='bbox 1439 2087 1511 2150; x_wconf 88' lang='lat' dir='ltr'>quae</span> <span class='ocrx_word' id='word_1_102' title='bbox 1536 2075 1585 2129; x_wconf 90' lang='lat' dir='ltr'>est</span> 
     </span>
     <span class='ocr_line' id='line_1_18' title="bbox 494 2170 1582 2260; baseline -0.007 -21"><span class='ocrx_word' id='word_1_103' title='bbox 494 2176 698 2260; x_wconf 88' lang='lat' dir='ltr'>plurimorum</span> <span class='ocrx_word' id='word_1_104' title='bbox 723 2175 1001 2254; x_wconf 82' lang='lat' dir='ltr'>grarrrmaticcrurn</span> <span class='ocrx_word' id='word_1_105' title='bbox 1037 2175 1212 2255; x_wconf 88' lang='lat' dir='ltr'>sententia,</span> <span class='ocrx_word' id='word_1_106' title='bbox 1244 2173 1301 2238; x_wconf 87' lang='lat' dir='ltr'>sed</span> <span class='ocrx_word' id='word_1_107' title='bbox 1327 2170 1582 2254; x_wconf 84' lang='lat' dir='ltr'>conjunctionem</span> 
     </span>
     <span class='ocr_line' id='line_1_19' title="bbox 493 2274 1584 2361; baseline -0.006 -19"><span class='ocrx_word' id='word_1_108' title='bbox 493 2277 751 2361; x_wconf 70' lang='lat' dir='ltr'>praepositionum</span> <span class='ocrx_word' id='word_1_109' title='bbox 787 2295 857 2339; x_wconf 81' lang='lat' dir='ltr'>cunr</span> <span class='ocrx_word' id='word_1_110' title='bbox 892 2278 1020 2341; x_wconf 89' lang='lat' dir='ltr'>casibus</span> <span class='ocrx_word' id='word_1_111' title='bbox 1050 2279 1094 2341; x_wconf 85' lang='lat' dir='ltr'>ita</span> <span class='ocrx_word' id='word_1_112' title='bbox 1124 2297 1198 2341; x_wconf 89' lang='lat' dir='ltr'>esse</span> <span class='ocrx_word' id='word_1_113' title='bbox 1222 2274 1462 2359; x_wconf 81' lang='lat' dir='ltr'>explicandam,</span> <span class='ocrx_word' id='word_1_114' title='bbox 1487 2280 1522 2336; x_wconf 92' lang='lat' dir='ltr'>ut</span> <span class='ocrx_word' id='word_1_115' title='bbox 1542 2290 1584 2339; x_wconf 83' lang='lat' dir='ltr'>ex</span> 
     </span>
     <span class='ocr_line' id='line_1_20' title="bbox 495 2377 1584 2463; baseline -0.004 -20"><span class='ocrx_word' id='word_1_116' title='bbox 495 2379 652 2444; x_wconf 88' lang='lat' dir='ltr'>communi</span> <span class='ocrx_word' id='word_1_117' title='bbox 676 2380 804 2441; x_wconf 86' lang='lat' dir='ltr'>notione</span> <span class='ocrx_word' id='word_1_118' title='bbox 829 2379 916 2443; x_wconf 89' lang='lat' dir='ltr'>verbi</span> <span class='ocrx_word' id='word_1_119' title='bbox 933 2387 965 2443; x_wconf 92' lang='lat' dir='ltr'>et</span> <span class='ocrx_word' id='word_1_120' title='bbox 989 2381 1223 2463; x_wconf 69' lang='lat' dir='ltr'>praepositionis</span> <span class='ocrx_word' id='word_1_121' title='bbox 1249 2399 1342 2442; x_wconf 81' lang='lat' dir='ltr'>casus</span> <span class='ocrx_word' id='word_1_122' title='bbox 1368 2377 1510 2460; x_wconf 85' lang='lat' dir='ltr'>pendere</span> <span class='ocrx_word' id='word_1_123' title='bbox 1528 2394 1584 2460; x_wconf 86' lang='lat' dir='ltr'>pu·</span> 
     </span>
     <span class='ocr_line' id='line_1_21' title="bbox 494 2476 1584 2565; baseline -0.005 -20"><span class='ocrx_word' id='word_1_124' title='bbox 494 2490 585 2562; x_wconf 89' lang='lat' dir='ltr'>tetur,</span> <span class='ocrx_word' id='word_1_125' title='bbox 609 2481 784 2564; x_wconf 87' lang='lat' dir='ltr'>praesertim</span> <span class='ocrx_word' id='word_1_126' title='bbox 809 2501 902 2562; x_wconf 89' lang='lat' dir='ltr'>qnnrn</span> <span class='ocrx_word' id='word_1_127' title='bbox 932 2501 995 2545; x_wconf 85' lang='lat' dir='ltr'>una</span> <span class='ocrx_word' id='word_1_128' title='bbox 1026 2482 1201 2565; x_wconf 89' lang='lat' dir='ltr'>eademque</span> <span class='ocrx_word' id='word_1_129' title='bbox 1227 2482 1411 2565; x_wconf 72' lang='lat' dir='ltr'>praepositio</span> <span class='ocrx_word' id='word_1_130' title='bbox 1436 2488 1469 2542; x_wconf 91' lang='lat' dir='ltr'>ut</span> <span class='ocrx_word' id='word_1_131' title='bbox 1493 2476 1584 2561; x_wconf 75' lang='lat' dir='ltr'>nupti</span> 
     </span>
     <span class='ocr_line' id='line_1_22' title="bbox 494 2584 1582 2666; baseline -0.003 -18"><span class='ocrx_word' id='word_1_132' title='bbox 494 2593 559 2649; x_wconf 91' lang='lat' dir='ltr'>tres</span> <span class='ocrx_word' id='word_1_133' title='bbox 583 2603 679 2647; x_wconf 89' lang='lat' dir='ltr'>casus</span> <span class='ocrx_word' id='word_1_134' title='bbox 703 2601 816 2664; x_wconf 83' lang='lat' dir='ltr'>regere</span> <span class='ocrx_word' id='word_1_135' title='bbox 841 2584 953 2666; x_wconf 88' lang='lat' dir='ltr'>possit.</span> <span class='ocrx_word' id='word_1_136' title='bbox 1000 2585 1157 2651; x_wconf 78' lang='lat' dir='ltr'>Concedit</span> <span class='ocrx_word' id='word_1_137' title='bbox 1177 2595 1284 2650; x_wconf 89' lang='lat' dir='ltr'>tamen</span> <span class='ocrx_word' id='word_1_138' title='bbox 1306 2602 1499 2666; x_wconf 79' lang='lat' dir='ltr'>quamquam</span> <span class='ocrx_word' id='word_1_139' title='bbox 1528 2600 1582 2664; x_wconf 85' lang='lat' dir='ltr'>ge·</span> 
     </span>
     <span class='ocr_line' id='line_1_23' title="bbox 494 2684 1582 2769; baseline -0.002 -19"><span class='ocrx_word' id='word_1_140' title='bbox 494 2688 592 2751; x_wconf 90' lang='lat' dir='ltr'>nuina</span> <span class='ocrx_word' id='word_1_141' title='bbox 614 2684 806 2767; x_wconf 85' lang='lat' dir='ltr'>significatio</span> <span class='ocrx_word' id='word_1_142' title='bbox 831 2692 862 2747; x_wconf 89' lang='lat' dir='ltr'>et</span> <span class='ocrx_word' id='word_1_143' title='bbox 890 2687 1040 2769; x_wconf 86' lang='lat' dir='ltr'>primaria</span> <span class='ocrx_word' id='word_1_144' title='bbox 1064 2709 1104 2753; x_wconf 88' lang='lat' dir='ltr'>ex</span> <span class='ocrx_word' id='word_1_145' title='bbox 1134 2689 1309 2753; x_wconf 84' lang='lat' dir='ltr'>adverbiali</span> <span class='ocrx_word' id='word_1_146' title='bbox 1339 2707 1398 2751; x_wconf 92' lang='lat' dir='ltr'>usu</span> <span class='ocrx_word' id='word_1_147' title='bbox 1428 2684 1582 2767; x_wconf 79' lang='lat' dir='ltr'>cognosci</span> 
     </span>
     <span class='ocr_line' id='line_1_24' title="bbox 493 2788 1583 2875; baseline -0.001 -20"><span class='ocrx_word' id='word_1_148' title='bbox 493 2790 610 2875; x_wconf 85' lang='lat' dir='ltr'>possit,</span> <span class='ocrx_word' id='word_1_149' title='bbox 634 2788 703 2852; x_wconf 87' lang='lat' dir='ltr'>ficri</span> <span class='ocrx_word' id='word_1_150' title='bbox 727 2788 812 2852; x_wconf 91' lang='lat' dir='ltr'>nullo</span> <span class='ocrx_word' id='word_1_151' title='bbox 838 2789 931 2854; x_wconf 91' lang='lat' dir='ltr'>modo</span> <span class='ocrx_word' id='word_1_152' title='bbox 956 2811 1067 2874; x_wconf 88' lang='lat' dir='ltr'>posse,</span> <span class='ocrx_word' id='word_1_153' title='bbox 1084 2799 1117 2856; x_wconf 91' lang='lat' dir='ltr'>ut</span> <span class='ocrx_word' id='word_1_154' title='bbox 1135 2795 1183 2858; x_wconf 88' lang='lat' dir='ltr'>vis</span> <span class='ocrx_word' id='word_1_155' title='bbox 1204 2803 1235 2858; x_wconf 91' lang='lat' dir='ltr'>et</span> <span class='ocrx_word' id='word_1_156' title='bbox 1250 2812 1326 2857; x_wconf 92' lang='lat' dir='ltr'>usus</span> <span class='ocrx_word' id='word_1_157' title='bbox 1344 2789 1583 2874; x_wconf 85' lang='lat' dir='ltr'>praepositionis</span> 
     </span>
     <span class='ocr_line' id='line_1_25' title="bbox 494 2892 1583 2980; baseline -0.003 -22"><span class='ocrx_word' id='word_1_158' title='bbox 494 2901 579 2958; x_wconf 90' lang='lat' dir='ltr'>recte</span> <span class='ocrx_word' id='word_1_159' title='bbox 613 2892 841 2972; x_wconf 81' lang='lat' dir='ltr'>intelligantur,</span> <span class='ocrx_word' id='word_1_160' title='bbox 877 2893 938 2956; x_wconf 91' lang='lat' dir='ltr'>nisi</span> <span class='ocrx_word' id='word_1_161' title='bbox 968 2903 1061 2958; x_wconf 86' lang='lat' dir='ltr'>antea</span> <span class='ocrx_word' id='word_1_162' title='bbox 1086 2894 1321 2980; x_wconf 87' lang='lat' dir='ltr'>praepositionis</span> <span class='ocrx_word' id='word_1_163' title='bbox 1355 2914 1425 2957; x_wconf 89' lang='lat' dir='ltr'>cum</span> <span class='ocrx_word' id='word_1_164' title='bbox 1450 2892 1583 2957; x_wconf 87' lang='lat' dir='ltr'>nasibus</span> 
     </span>
     <span class='ocr_line' id='line_1_26' title="bbox 493 2995 1369 3081; baseline -0.001 -21"><span class='ocrx_word' id='word_1_165' title='bbox 493 2995 747 3078; x_wconf 86' lang='lat' dir='ltr'>conjunctionem</span> <span class='ocrx_word' id='word_1_166' title='bbox 773 2995 1020 3078; x_wconf 81' lang='lat' dir='ltr'>diligentissime</span> <span class='ocrx_word' id='word_1_167' title='bbox 1044 2999 1236 3081; x_wconf 88' lang='lat' dir='ltr'>perscrutati</span> <span class='ocrx_word' id='word_1_168' title='bbox 1260 2999 1369 3061; x_wconf 89' lang='lat' dir='ltr'>simus.</span> 
     </span>
    </p>

    <p class='ocr_par' dir='ltr' id='par_1_7' title="bbox 493 3088 1582 3288">
     <span class='ocr_line' id='line_1_27' title="bbox 578 3088 1582 3185; baseline -0.003 -23"><span class='ocrx_word' id='word_1_169' title='bbox 578 3099 659 3162; x_wconf 86' lang='lat' dir='ltr'>Aliis</span> <span class='ocrx_word' id='word_1_170' title='bbox 687 3098 784 3180; x_wconf 81' lang='lat' dir='ltr'>igitur</span> <span class='ocrx_word' id='word_1_171' title='bbox 818 3100 927 3164; x_wconf 87' lang='lat' dir='ltr'>usibus</span> <span class='ocrx_word' id='word_1_172' title='bbox 959 3103 1194 3185; x_wconf 88' lang='lat' dir='ltr'>praepositionis</span> <span class='ocrx_word' id='word_1_173' title='bbox 1224 3100 1313 3182; x_wconf 77' lang='grc' dir='ltr'><em>παρά</em></span> <span class='ocrx_word' id='word_1_174' title='bbox 1337 3088 1483 3179; x_wconf 88' lang='lat' dir='ltr'>omissis,</span> <span class='ocrx_word' id='word_1_175' title='bbox 1511 3116 1582 3160; x_wconf 87' lang='lat' dir='ltr'>cunr</span> 
     </span>
     <span class='ocr_line' id='line_1_28' title="bbox 493 3202 1546 3288; baseline -0.004 -21"><span class='ocrx_word' id='word_1_176' title='bbox 493 3203 620 3267; x_wconf 86' lang='lat' dir='ltr'>casibus</span> <span class='ocrx_word' id='word_1_177' title='bbox 642 3202 843 3285; x_wconf 89' lang='lat' dir='ltr'>conjunctam</span> <span class='ocrx_word' id='word_1_178' title='bbox 868 3203 1064 3286; x_wconf 81' lang='lat' dir='ltr'>investigare</span> <span class='ocrx_word' id='word_1_179' title='bbox 1089 3205 1282 3288; x_wconf 91' lang='lat' dir='ltr'>propositum</span> <span class='ocrx_word' id='word_1_180' title='bbox 1306 3205 1366 3268; x_wconf 86' lang='lat' dir='ltr'>erit</span> <span class='ocrx_word' id='word_1_181' title='bbox 1389 3208 1546 3265; x_wconf 89' lang='lat' dir='ltr'>nostrum.</span> 
     </span>
    </p>

    <p class='ocr_par' dir='ltr' id='par_1_8' title="bbox 492 3305 1584 3802">
     <span class='ocr_line' id='line_1_29' title="bbox 577 3305 1582 3389; baseline 0.002 -21"><span class='ocrx_word' id='word_1_182' title='bbox 577 3305 738 3369; x_wconf 81' lang='lat' dir='ltr'>Praeterea</span> <span class='ocrx_word' id='word_1_183' title='bbox 761 3305 794 3369; x_wconf 93' lang='lat' dir='ltr'>id</span> <span class='ocrx_word' id='word_1_184' title='bbox 818 3325 1015 3389; x_wconf 85' lang='lat' dir='ltr'>praemonere</span> <span class='ocrx_word' id='word_1_185' title='bbox 1038 3309 1198 3385; x_wconf 90' lang='lat' dir='ltr'>volumus,</span> <span class='ocrx_word' id='word_1_186' title='bbox 1222 3306 1328 3371; x_wconf 89' lang='lat' dir='ltr'>omnia</span> <span class='ocrx_word' id='word_1_187' title='bbox 1346 3325 1403 3370; x_wconf 92' lang='lat' dir='ltr'>nos</span> <span class='ocrx_word' id='word_1_188' title='bbox 1421 3306 1582 3389; x_wconf 85' lang='lat' dir='ltr'>exempla,</span> 
     </span>
     <span class='ocr_line' id='line_1_30' title="bbox 492 3407 1584 3491; baseline 0.002 -20"><span class='ocrx_word' id='word_1_189' title='bbox 492 3409 553 3472; x_wconf 90' lang='lat' dir='ltr'>nisi</span> <span class='ocrx_word' id='word_1_190' title='bbox 583 3427 653 3490; x_wconf 83' lang='lat' dir='ltr'>quac</span> <span class='ocrx_word' id='word_1_191' title='bbox 682 3407 771 3472; x_wconf 90' lang='lat' dir='ltr'>inviti</span> <span class='ocrx_word' id='word_1_192' title='bbox 794 3416 826 3472; x_wconf 89' lang='lat' dir='ltr'>ct</span> <span class='ocrx_word' id='word_1_193' title='bbox 848 3409 942 3473; x_wconf 91' lang='lat' dir='ltr'>inscii</span> <span class='ocrx_word' id='word_1_194' title='bbox 966 3409 1181 3484; x_wconf 86' lang='lat' dir='ltr'>omiserimus,</span> <span class='ocrx_word' id='word_1_195' title='bbox 1207 3411 1368 3488; x_wconf 89' lang='lat' dir='ltr'>attulisse,</span> <span class='ocrx_word' id='word_1_196' title='bbox 1393 3409 1584 3491; x_wconf 83' lang='lat' dir='ltr'>explicatio·</span> 
     </span>
     <span class='ocr_line' id='line_1_31' title="bbox 492 3510 1584 3596; baseline 0.004 -22"><span class='ocrx_word' id='word_1_197' title='bbox 492 3531 550 3595; x_wconf 84' lang='lat' dir='ltr'>nes</span> <span class='ocrx_word' id='word_1_198' title='bbox 575 3518 680 3574; x_wconf 84' lang='lat' dir='ltr'>autem</span> <span class='ocrx_word' id='word_1_199' title='bbox 704 3510 766 3574; x_wconf 88' lang='lat' dir='ltr'>nisi</span> <span class='ocrx_word' id='word_1_200' title='bbox 791 3513 994 3578; x_wconf 85' lang='lat' dir='ltr'>necessarias</span> <span class='ocrx_word' id='word_1_201' title='bbox 1019 3516 1135 3578; x_wconf 88' lang='lat' dir='ltr'>missas</span> <span class='ocrx_word' id='word_1_202' title='bbox 1159 3514 1291 3596; x_wconf 86' lang='lat' dir='ltr'>fecisse,</span> <span class='ocrx_word' id='word_1_203' title='bbox 1310 3514 1350 3578; x_wconf 90' lang='lat' dir='ltr'>iis</span> <span class='ocrx_word' id='word_1_204' title='bbox 1368 3514 1435 3577; x_wconf 86' lang='lat' dir='ltr'>fere</span> <span class='ocrx_word' id='word_1_205' title='bbox 1451 3512 1584 3578; x_wconf 86' lang='lat' dir='ltr'>caussis</span> 
     </span>
     <span class='ocr_line' id='line_1_32' title="bbox 493 3613 1584 3697; baseline 0.004 -20"><span class='ocrx_word' id='word_1_206' title='bbox 493 3613 656 3695; x_wconf 89' lang='lat' dir='ltr'>adductos,</span> <span class='ocrx_word' id='word_1_207' title='bbox 677 3613 791 3696; x_wconf 89' lang='lat' dir='ltr'>quibus</span> <span class='ocrx_word' id='word_1_208' title='bbox 805 3615 999 3697; x_wconf 87' lang='lat' dir='ltr'>Lagergrcn.</span> <span class='ocrx_word' id='word_1_209' title='bbox 1024 3617 1171 3682; x_wconf 90' lang='lat' dir='ltr'>Betantio</span> <span class='ocrx_word' id='word_1_210' title='bbox 1184 3617 1268 3681; x_wconf 90' lang='lat' dir='ltr'>enim</span> <span class='ocrx_word' id='word_1_211' title='bbox 1282 3615 1416 3680; x_wconf 88' lang='lat' dir='ltr'>dicenti:</span> <span class='ocrx_word' id='word_1_212' title='bbox 1438 3614 1485 3679; x_wconf 90' lang='lat' dir='ltr'>’&#39;si</span> <span class='ocrx_word' id='word_1_213' title='bbox 1499 3614 1584 3681; x_wconf 88' lang='lat' dir='ltr'>velis</span> 
     </span>
     <span class='ocr_line' id='line_1_33' title="bbox 492 3716 1584 3802; baseline 0.005 -23"><span class='ocrx_word' id='word_1_214' title='bbox 492 3718 636 3780; x_wconf 89' lang='lat' dir='ltr'>notiones</span> <span class='ocrx_word' id='word_1_215' title='bbox 671 3717 725 3780; x_wconf 79' lang='lat' dir='ltr'>vix</span> <span class='ocrx_word' id='word_1_216' title='bbox 759 3716 966 3782; x_wconf 87' lang='lat' dir='ltr'>adumbratas</span> <span class='ocrx_word' id='word_1_217' title='bbox 995 3738 1170 3802; x_wconf 85' lang='lat' dir='ltr'>exponere,</span> <span class='ocrx_word' id='word_1_218' title='bbox 1194 3740 1288 3784; x_wconf 92' lang='lat' dir='ltr'>unum</span> <span class='ocrx_word' id='word_1_219' title='bbox 1313 3739 1386 3784; x_wconf 91' lang='lat' dir='ltr'>csse</span> <span class='ocrx_word' id='word_1_220' title='bbox 1411 3717 1510 3783; x_wconf 88' lang='lat' dir='ltr'>fidum</span> <span class='ocrx_word' id='word_1_221' title='bbox 1537 3721 1584 3784; x_wconf 91' lang='lat' dir='ltr'>in·</span> 
     </span>
    </p>
   </div>
   <div class='ocr_carea' id='block_1_3' title="bbox 494 3874 690 3883">
    <p class='ocr_par' dir='ltr' id='par_1_9' title="bbox 494 3874 690 3883">
     <span class='ocr_line' id='line_1_34' title="bbox 494 3874 690 3883; baseline -0.005 0"><span class='ocrx_word' id='word_1_222' title='bbox 494 3874 651 3883; x_wconf 45' lang='grc' dir='ltr'>,ψη-...η-</span> <span class='ocrx_word' id='word_1_223' title='bbox 666 3877 671 3882; x_wconf 95' lang='grc'><em>.</em></span> <span class='ocrx_word' id='word_1_224' title='bbox 685 3878 690 3882; x_wconf 98' lang='grc'><em>.</em></span> 
     </span>
    </p>
   </div>
   <div class='ocr_carea' id='block_1_4' title="bbox 489 3959 1585 4203">
    <p class='ocr_par' dir='ltr' id='par_1_10' title="bbox 489 3959 1585 4203">
     <span class='ocr_line' id='line_1_35' title="bbox 562 3959 1585 4035; baseline 0.01 -22"><span class='ocrx_word' id='word_1_225' title='bbox 562 3961 588 4028; x_wconf 82' lang='grc'>1)</span> <span class='ocrx_word' id='word_1_226' title='bbox 607 3959 659 4015; x_wconf 81' lang='lat' dir='ltr'>cfr.</span> <span class='ocrx_word' id='word_1_227' title='bbox 679 3962 748 4024; x_wconf 84' lang='lat' dir='ltr'>uuod</span> <span class='ocrx_word' id='word_1_228' title='bbox 765 3961 795 4016; x_wconf 81' lang='grc' dir='ltr'>Ε.</span> <span class='ocrx_word' id='word_1_229' title='bbox 813 3963 845 4017; x_wconf 85' lang='grc' dir='ltr'>Α.</span> <span class='ocrx_word' id='word_1_230' title='bbox 864 3964 966 4018; x_wconf 81' lang='lat' dir='ltr'>Fritsch</span> <span class='ocrx_word' id='word_1_231' title='bbox 985 3966 1013 4018; x_wconf 91' lang='lat' dir='ltr'>in</span> <span class='ocrx_word' id='word_1_232' title='bbox 1031 3965 1109 4029; x_wconf 92' lang='lat' dir='ltr'>libro,</span> <span class='ocrx_word' id='word_1_233' title='bbox 1129 3967 1172 4035; x_wconf 87' lang='lat' dir='ltr'>qui</span> <span class='ocrx_word' id='word_1_234' title='bbox 1190 3966 1338 4020; x_wconf 85' lang='lat' dir='ltr'>inscribitur</span> <span class='ocrx_word' id='word_1_235' title='bbox 1358 3967 1585 4035; x_wconf 80' lang='lat' dir='ltr'>&#39;&#39;Vergleichendc</span> 
     </span>
     <span class='ocr_line' id='line_1_36' title="bbox 489 4046 1583 4129; baseline 0.009 -26"><span class='ocrx_word' id='word_1_236' title='bbox 489 4046 664 4116; x_wconf 84' lang='lat' dir='ltr'>Bearbeitung</span> <span class='ocrx_word' id='word_1_237' title='bbox 681 4048 726 4102; x_wconf 87' lang='lat' dir='ltr'>der</span> <span class='ocrx_word' id='word_1_238' title='bbox 743 4049 844 4104; x_wconf 85' lang='lat' dir='ltr'>Grieeh.</span> <span class='ocrx_word' id='word_1_239' title='bbox 863 4051 915 4105; x_wconf 90' lang='lat' dir='ltr'>und</span> <span class='ocrx_word' id='word_1_240' title='bbox 935 4052 1034 4106; x_wconf 81' lang='lat' dir='ltr'>Latein.</span> <span class='ocrx_word' id='word_1_241' title='bbox 1054 4053 1193 4106; x_wconf 83' lang='lat' dir='ltr'>Partikeln.</span> <span class='ocrx_word' id='word_1_242' title='bbox 1230 4054 1254 4106; x_wconf 84' lang='lat'>2.</span> <span class='ocrx_word' id='word_1_243' title='bbox 1291 4052 1375 4107; x_wconf 85' lang='lat' dir='ltr'>Theil.</span> <span class='ocrx_word' id='word_1_244' title='bbox 1412 4053 1462 4110; x_wconf 84' lang='lat' dir='ltr'>Die</span> <span class='ocrx_word' id='word_1_245' title='bbox 1481 4054 1583 4129; x_wconf 79' lang='lat' dir='ltr'>Prttpo·</span> 
     </span>
     <span class='ocr_line' id='line_1_37' title="bbox 489 4133 1191 4203; baseline 0.003 -14"><span class='ocrx_word' id='word_1_246' title='bbox 489 4134 608 4195; x_wconf 78' lang='lat' dir='ltr'>sitiones.</span> <span class='ocrx_word' id='word_1_247' title='bbox 646 4133 754 4190; x_wconf 86' lang='lat' dir='ltr'>Giessen</span> <span class='ocrx_word' id='word_1_248' title='bbox 776 4137 870 4203; x_wconf 81' lang='lat' dir='ltr'>l858&#39;&#39;,</span> <span class='ocrx_word' id='word_1_249' title='bbox 890 4139 921 4193; x_wconf 86' lang='lat' dir='ltr'>de</span> <span class='ocrx_word' id='word_1_250' title='bbox 941 4139 1029 4194; x_wconf 82' lang='lat' dir='ltr'>eadem</span> <span class='ocrx_word' id='word_1_251' title='bbox 1049 4139 1191 4193; x_wconf 86' lang='lat' dir='ltr'>rescribit.</span> 
     </span>
    </p>
   </div>
   <div class='ocr_carea' id='block_1_5' title="bbox 0 0 1610 5108">
    <p class='ocr_par' dir='ltr' id='par_1_11' title="bbox 0 0 1610 5108">
     <span class='ocr_line' id='line_1_38' title="bbox 0 0 1610 5108; baseline 0 0"><span class='ocrx_word' id='word_1_252' title='bbox 0 0 1610 5108; x_wconf 95' lang='lat' dir='ltr'> </span> 
     </span>
    </p>
   </div>
  </div>
 </body>
</html>
