3210 5108
781 434 820 499 l'I

345 584 497 651 Videmus
540 588 649 669 igitur,
687 590 821 672 primum
857 587 1112 671 praepositionem
1149 583 1239 668 παρά
1273 605 1344 650 curn

257 690 445 754 accusativo
464 691 609 774 junctam
633 690 764 775 propria
788 689 907 771 saepius
923 707 1016 770 quarn
1033 690 1191 754 translata
1211 689 1343 752 viusur-

256 791 344 874 pari,
367 791 484 857 deinde
512 793 642 877 propria
665 803 697 858 ct
719 792 811 857 locali
838 792 867 855 vi
891 811 946 855 eas
971 791 1223 873 significationes
1246 794 1343 856 usita-

256 894 402 959 tissimas
426 914 514 970 esse,
544 916 630 979 quae,
662 917 723 980 quo
747 903 851 961 motus
880 894 948 975 fiat,
974 894 1162 976 designent,
1186 901 1346 985 postremo

256 999 416 1061 translata
439 1001 469 1063 vi
492 1001 767 1083 frequentissimas
792 1001 938 1080 usurpari
961 998 1154 1082 praeterundi
1170 999 1333 1063 ‘notiones

784 1191 823 1254 ll.

343 1306 440 1390 Παριί
462 1328 533 1372 curn
557 1310 664 1374 dativo
687 1309 888 1394 conjunctum

343 1410 385 1486 A)
409 1412 501 1475 locali
527 1412 761 1494 significatione

254 1513 392 1587 indicat,
433 1515 464 1578 in
505 1517 595 1601 cujus
636 1518 798 1582 vicinitate
835 1517 904 1579 sine
937 1515 1000 1579 ulla
1035 1513 1233 1598 porrectione
1268 1513 1343 1596 quid

254 1624 415 1691 versetur,
446 1619 566 1701 aliquid
588 1625 702 1705 jacto,
727 1623 815 1702 aptot
838 1637 995 1701 personas
1020 1616 1176 1700 quasdam
1201 1615 1252 1678 vel
1276 1616 1342 1679 ani-

252 1720 352 1783 rnalia
382 1719 459 1785 fieri.
505 1722 690 1806 Praeposito
719 1725 801 1788 enirn
827 1720 916 1804 παρά
941 1741 1012 1784 cum
1036 1718 1145 1783 dativo
1169 1716 1340 1781 substanti·

181 1902 185 1907 Ι
254 1843 365 1886 vorum
401 1832 433 1888 et
466 1826 686 1908 pronominum
722 1847 878 1909 personas
909 1824 958 1887 vel
982 1824 1133 1887 animalia
1157 1820 1340 1902 significan-

254 1924 331 1989 tium
367 1926 515 2010 conjungi
552 1930 641 1993 solet.
688 1931 843 2013 Exempla
874 1931 904 1992 in
934 1927 1047 2010 quibus
1071 1925 1160 2009 παρά
1183 1926 1223 1989 dc
1247 1927 1340 1990 rebus

253 2030 405 2095 inanimis
440 2043 624 2115 usurpatur,
661 2036 830 2118 perpaucis
864 2033 1022 2115 exceptis,
1059 2031 1180 2095 incerta
1208 2037 1282 2094 sunt
1311 2039 1342 2093 et

252 2134 339 2199 infra
374 2135 616 2200 annotahuntur.
662 2138 737 2201 Hauc
772 2144 846 2200 sunt
878 2136 974 2201 verba
1007 2134 1262 2216 locutionesque,
1302 2152 1341 2197 ex

254 2236 371 2317 quibus
396 2239 484 2320 παροῖ
506 2259 543 2301 ea
567 2241 660 2304 locali
687 2241 920 2323 significatione
937 2237 1068 2322 pendet:
1086 2233 1184 2312 εἰναι,
1202 2238 1340 2309 locarat,

254 2341 498 2417 καθίστασθαι,
533 2342 755 2420 καταλείπειν,
790 2351 966 2413 κατοικεῖν,
1000 2342 1137 2418 μείνειν.
1179 2358 1340 2419 παραναγ-

253 2442 381 2523 χᾰνειν,
403 2442 545 2526 χρηστὸν
568 2445 743 2526 βουλεύειν.

339 2545 399 2610 Ex.
433 2544 495 2608 Καὶ
528 2547 602 2620 τοὺς
636 2547 807 2632 ἄρχοντας,
842 2555 876 2612 αϊ
900 2539 982 2635 ἦσαν
1005 2544 1095 2628 παρὰ
1118 2543 1253 2624 σφίσιν,
1277 2539 1342 2614 ἐξέ-

255 2648 356 2711 δοσαν
389 2648 588 2736 alsentorp
622 2652 644 2720 Ι.
678 2654 746 2737 115,
771 2653 800 2718 5.
831 2653 894 2719 cfr.
918 2655 942 2730 Ι,
966 2653 1015 2723 23,
1040 2651 1069 2713 3.
1103 2646 1157 2722 lv,
1184 2648 1210 2726 l,
1235 2645 1265 2709 2.
1300 2646 1339 2725 V,

194 2820 197 2825 ,
257 2750 308 2831 35,
336 2755 367 2815 4.
402 2752 487 2835 VIII,
518 2754 569 2835 47,
597 2758 624 2818 l.
648 2758 698 2836 64,
723 2759 752 2821 2.
776 2764 808 2820 et
830 2756 915 2837 VIII,
941 2757 991 2832 95,
1016 2756 1056 2829 2.,
1080 2752 1132 2816 ubi
1157 2748 1246 2831 λεια
1269 2766 1339 2811 curn

176 2850 180 2881 ²
257 2854 366 2919 dativo
390 2858 435 2918 rei
459 2856 675 2940 conjungitur,
700 2860 815 2940 legitur
837 2861 920 2924 enirn
942 2858 1102 2941 ὲιιλίρονν
1120 2851 1173 2915 καὶ
1190 2853 1224 2915 οἱ
1238 2847 1340 2935 'Auis
1374 2890 1383 2902 ·

176 2940 185 3021 Ι,
257 2964 344 3020 ναῖοι
368 2957 424 3029 scic
442 2961 535 3034 ναῦς,
554 2959 701 3039 οἰόμενοι
718 2966 815 3043 σφίσι
834 2963 923 3043 παρὰ
941 2968 1010 3031 ταῖς
1032 2957 1128 3021 ναυσὶ
1150 2955 1225 3027 τούς
1247 2974 1341 3037 στρα-

256 3058 371 3133 τιώτας
393 3053 485 3124 εἶναι.
532 3062 647 3129 Confer
681 3065 765 3130 hunc
792 3085 914 3150 quoqne
937 3066 1050 3130 locum:
1075 3057 1202 3124 Ἠλεῖοι
1225 3056 1341 3142 δὲτὴν

176 3158 201 3255 ΫἸ
257 3157 337 3246 παρ’
369 3160 480 3235 αὑτοῖς
512 3166 690 3250 ἐκεχειρίαν
724 3169 785 3256 ἤδη
819 3173 948 3252 ἔφασαν
981 3162 1064 3230 εἶναι
1086 3164 1123 3245 V,
1147 3162 1261 3242 49,’3.,
1286 3160 1340 3226 ubi

176 3292 179 3297 ·
257 3266 356 3331 verba
378 3269 573 3353 transposite
596 3271 731 3355 intelligi
756 3280 891 3357 possunt
914 3280 945 3337 et
969 3267 1173 3353 παράὑιοῖς
1190 3264 1341 3329 exverbo

177 3420 189 3455 ·.
258 3362 341 3433 εἶναι
364 3372 519 3455 pendere,
539 3375 598 3461 τὴν
627 3375 805 3461 ἐκεχειρίαν
827 3375 905 3461 παρ’
928 3373 1038 3445 αὐτοῖς
1062 3412 1101 3421 -
1124 3364 1216 3434 εἶναι.
1241 3365 1342 3451 (apud

182 3522 185 3527 -
259 3492 296 3539 se
329 3476 396 3559 jaur
432 3477 531 3542 fuisse
566 3478 722 3546 inducias.
747 3482 864 3565 Bothe3
891 3480 1050 3546 erkl'airten
1075 3477 1152 3541 dass
1177 3474 1234 3538 der
1257 3471 1342 3536 Still-

176 3598 185 3649 ;
259 3577 368 3652 stand,
386 3578 444 3642 der
457 3580 506 3644 hei
525 3581 622 3646 ihnen
641 3586 740 3650 schou
765 3594 840 3651 statt
863 3581 1035 3668 gesunden.
1059 3583 1180 3662 Krucg.
1227 3576 1260 3641 Si
1274 3575 1342 3638 haec

176 3718 187 3741 .-
258 3683 467 3766 transpositio
491 3686 657 3751 verborum
682 3711 744 3754 non
768 3690 815 3771 fit,
841 3688 1022 3774 praepositio
1042 3685 1218 3769 παράνοια
1237 3679 1344 3743 dativo

176 3774 179 3829 3
259 3802 300 3847 ex
319 3785 529 3871 substantivo,
550 3792 682 3856 articulo
705 3792 823 3873 addito,
847 3792 992 3876 pendens
1017 3791 1086 3854 vice
1110 3779 1343 3874 praepositionis

176 3884 194 3933 ’·
258 3886 321 3950 σίν
343 3889 393 3951 vel
423 3890 503 3953 καῑιί
525 3891 613 3975 fungi
638 3894 784 3973 videtur.)
806 3897 936 3983 Σιήλην
957 3894 993 3958 δὲ
1017 3896 1187 3974 ἑκατέρανς
1209 3889 1344 3971 στῆσαι,

256 3988 319 4075 τὴν
351 3995 425 4071 μέν,
450 3992 484 4055 ἐν
515 3999 752 4077 Λακεδαίμονι,
781 3997 859 4083 παρ)
886 3995 1071 4063 Ἀπόλλωνι
1093 3995 1127 4057 ἐν
1149 3989 1342 4071 Ἀμυκλαίῳ·

176 4092 188 4177 ‘J
256 4090 318 4178 τὴν
351 4093 402 4170 δέ,
435 4094 469 4157 ἐν
505 4092 676 4183 Ἀθήναις,
711 4102 744 4164 ἐν
778 4103 892 4181 πόλει,
920 4097 999 4185 παρ’
1025 4097 1153 4184 Ἀθηνᾷ
1176 4098 1214 4175 V,
1238 4096 1287 4176 ⁶23,
1311 4096 1341 4157 ἕ).

176 4226 187 4287 ³⁴:
256 4189 354 4280 (παρ’
377 4193 560 4262 Ἀπόλλωνι
585 4197 737 4292 [Ἀθηνᾷ]
762 4205 794 4269 iu
817 4215 867 4272 est
890 4206 977 4290 παρὰ
1000 4205 1043 4283 τῷ
1065 4203 1122 4266 τοῦ
1139 4197 1345 4276 ’Λπόλλωνος

1242 4317 1258 4369 3
