3210 5108
230 1868 241 1879 ..
260 1778 501 1909 propositiones
529 1824 651 1888 Graecae
680 1827 751 1908 pirus
775 1846 868 1907 qrrrrur
893 1830 954 1892 alia
979 1849 1097 1911 genera
1124 1833 1287 1895 verborum
1313 1857 1331 1897 a

232 1941 462 2023 :grammaticis
496 1948 529 2005 et
562 1941 733 2025 philologis
768 1943 821 2007 diu
856 1946 1009 2026 neglectae
1045 1956 1128 2010 sunt.
1173 1949 1331 2013 Proximis

237 2030 350 2129 fssutom
376 2046 572 2128 temporibus
600 2065 694 2128 quum
723 2047 805 2109 inter
833 2047 913 2110 alias
936 2055 1049 2127 gentes
1073 2056 1137 2113 tum
1162 2049 1248 2133 apud
1272 2071 1330 2115 uos

234 2134 363 2211 ss'iuitinm
399 2154 450 2212 est
482 2150 600 2213 facturn
636 2151 879 2233 praepositiones
914 2154 1093 2215 accuratius
1118 2154 1274 2217 tractandi
1300 2162 1330 2217 et

234 2246 433 2335 'illustrandi
478 2253 590 2335 Itaque
612 2251 653 2315 de
670 2270 729 2315 usu
748 2252 944 2333 quarundam
965 2256 1225 2337 praepositionum
1244 2258 1329 2339 apud

226 2350 327 2431 ·;;·1uirs
348 2355 523 2439 scriptores
547 2362 769 2438 usurpatorum
794 2357 982 2420 nostratium
1007 2360 1148 2423 nonnulii
1167 2359 1234 2443 jam
1256 2368 1331 2424 ante

226 2510 232 2551 Ξ
263 2452 486 2541 disputaverunt
521 2468 554 2523 et
587 2458 830 2544 Thucydideum
865 2480 955 2523 usum
990 2463 1169 2545 nuperrime
1203 2461 1330 2544 quidem

233 2556 313 2653 ew.
334 2564 404 2629 ΠΙ).
430 2564 532 2630 Jonas
555 2563 669 2625 Petrus
694 2562 895 2643 Lagergren,
920 2564 1095 2629 Zacharias
1120 2565 1329 2653 (irundstrdm

233 2652 237 2671 ²
264 2667 445 2733 necandum
479 2671 701 2749 susceperuut.
758 2666 910 2730 Putamus
947 2667 1041 2748 igitur
1073 2687 1135 2731 uon
1167 2667 1236 2730 sine
1268 2668 1330 2731 tru-

235 2772 302 2833 -rn
328 2770 464 2837 futurum
492 2789 582 2849 esse,
619 2769 645 2832 si
675 2767 734 2832 hoe
764 2772 950 2852 opusculum
971 2770 1013 2833 ad
1037 2770 1123 2833 iliam
1146 2770 1328 2835 inchoatam

232 2904 236 2911 ,
264 2876 465 2943 uacationem
489 2872 717 2937 addiderimus.
773 2873 853 2935 Tam
888 2881 994 2936 autem
1029 2873 1168 2937 dilucide
1203 2874 1224 2937 ii
1260 2875 1327 2953 viri,

239 2972 325 3059 ¹[qnos
345 2999 444 3065 supra
466 2975 713 3056 nominavimus,
739 2994 794 3038 cur
816 2976 944 3058 ineptus
969 2982 1000 3039 et
1022 2975 1128 3040 inanis
1145 2978 1329 3041 existiman·

231 3082 234 3087 '
262 3072 308 3145 dus
327 3103 388 3147 nou
411 3088 501 3145 esset
523 3080 597 3144 talis
621 3079 708 3143 labor
736 3077 939 3160 exquirendi,
970 3080 1094 3160 quoties
1119 3087 1150 3144 et
1173 3081 1330 3163 quomodo

237 3192 245 3233 ·:
262 3202 376 3271 qumque
398 3184 583 3271 praepositio
616 3180 703 3265 apud
727 3190 874 3245 auctores
898 3182 1041 3263 singulos
1064 3192 1216 3267 usurpata
1246 3185 1331 3266 lege-

224 3364 228 3379 Ι
260 3298 338 3367 retur,
365 3295 581 3373 quantumque
604 3287 686 3349 tales
722 3289 927 3351 tractationes
961 3286 1125 3370 suscipere
1156 3289 1329 3352 litterarum

232 3392 443 3479 ‘iniquarum
478 3390 574 3455 studii
609 3391 795 3472 interesset,
832 3391 1058 3473 explanarunt,
1088 3400 1121 3453 ut
1149 3391 1227 3456 nihil
1250 3410 1330 3476 opus

210 3480 226 3587 ζ’
259 3492 291 3559 tit
309 3496 439 3563 addere.

326 3600 399 3667 Jarn
422 3596 560 3683 plurima
583 3596 614 3659 in
639 3595 864 3679 praepositione
888 3594 978 3678 παρά
1004 3597 1171 3660 tractanda
1197 3598 1331 3661 collecta

210 3704 226 3777 ζ.
257 3706 282 3763 ot
300 3707 489 3789 praeparata
523 3699 719 3764 habebamus
752 3705 784 3761 et
813 3698 965 3761 rationem
995 3698 1088 3783 hujus
1117 3701 1260 3784 opuseuii
1283 3700 1329 3763 in-

211 3794 229 3863 {r'
255 3804 462 3885 numeramus,
487 3824 581 3887 quum
605 3802 696 3866 nobis
720 3802 751 3864 iu
775 3820 887 3864 manus
911 3800 1023 3865 incidit
1052 3802 1223 3886 disputatio
1247 3821 1329 3883 quae-

254 3902 316 3973 dam
339 3907 400 3973 ”de
435 3927 494 3972 usu
523 3905 758 3992 praepositionis
782 3903 889 3985 nood’
914 3925 932 3966 a
956 3904 1120 3968 Friderieo
1147 3906 1330 3981 Hermanno

210 4006 216 4067 ξ
253 4004 313 4077 mu
345 4011 542 4094 conscripta,
585 4029 656 4091 quae
689 4008 863 4092 disputatio
902 4009 986 4071 inest
1019 4008 1051 4071 in
1086 4008 1165 4072 libro
1200 4007 1330 4088 Georgii

212 4176 216 4183 ,
253 4108 341 4179 durtii
363 4112 532 4196 inscripto:
569 4112 725 4178 ”Studien
768 4132 823 4175 nur
857 4110 1088 4176 Grieehischen
1122 4109 1186 4173 und
1225 4110 1331 4174 Latei·

1230 4215 1243 4267 1
