3210 5108
946 413 986 476 16

426 587 446 631 a
480 586 559 633 sano
589 567 715 633 homine
746 570 879 655 proterii
904 570 1046 652 potuisse
1065 566 1226 650 jucicem*
1261 566 1422 632 Praeterea
1445 589 1513 633 me-

427 670 580 735 morabile
613 679 664 736 est
697 672 756 736 hoc
790 674 821 736 iu
858 674 1002 755 margine
1041 670 1235 752 adscriptum
1270 669 1428 735 scholion:
1467 671 1514 735 Τδ

428 770 627 856 ῶβελιομένα
663 770 771 837 οὐδενὶ
805 775 868 835 τῶν
894 775 1055 861 ἐξηγητῶν
1078 776 1167 848 ἔδοξε
1193 776 1397 837 Θουκυδίδου
1420 767 1513 838 εἶναι·

427 872 542 961 α’σαφη
576 877 634 961 γὰρ
670 875 723 939 καὶ
757 878 801 958 τῶ
834 876 926 960 τύπῳ
950 879 1006 963 τῆς
1028 877 1199 960 ἑρμηνείας
1221 872 1275 937 καὶ
1296 885 1364 948 τοῖς
1385 875 1515 964 διανοή-

426 998 524 1058 μασιΙ
543 977 650 1041 πολῶν
683 978 883 1060 ἐμφαίνοντα
917 979 973 1042 τὸν
1000 977 1241 1060 νεωτερισμόν.)
1288 981 1339 1060 Tei
1365 975 1443 1061 παρ’
1466 979 1515 1043 ἐλ-

431 1082 512 1144 πίδα
537 1081 636 1151 (exitu
660 1078 732 1166 spei
758 1102 823 1146 suae
847 1081 1079 1166 inexspectato.
1095 1081 1168 1165 Pp.)
1183 1079 1230 1166 μὴ
1245 1080 1394 1160 χαλεπῶς
1411 1081 1515 1164 σφαλ-

428 1183 539 1246 λὲσθω
568 1184 620 1259 IV,
644 1187 694 1259 62,
725 1187 753 1250 2.
788 1186 841 1250 Cfr·
864 1185 932 1266 VH,
958 1186 1008 1266 66,
1033 1187 1062 1250 3.
1107 1183 1203 1267 Παρὰ
1226 1183 1283 1247 τὸν
1305 1183 1430 1265 τρόπον
1451 1184 1515 1246 τῶν

427 1288 549 1349 ἑαυτῶν
584 1296 710 1371 (praeter
745 1307 833 1352 suurn
869 1292 1003 1365 morem)¹
1038 1289 1075 1370 V,
1105 1289 1154 1362 63,
1180 1289 1208 1352 2.
1254 1286 1380 1352 Accidit
1402 1287 1514 1352 etiam:

429 1387 490 1451 lsai
514 1391 604 1472 παρὰ
628 1389 724 1468 λσχδν
746 1393 803 1475 τῆς
824 1391 988 1468 δυνάμεως
1007 1391 1190 1453 ἐνδιδόασιν
1209 1390 1278 1468 VII,
1294 1391 1343 1469 66,
1358 1392 1387 1455 3.
1401 1390 1513 1472 (etiam

430 1491 512 1556 inira
551 1494 646 1558 robur
684 1492 831 1577 potentia
865 1511 931 1556 sure
956 1491 1136 1558 concedere
1171 1496 1281 1558 solent.
1317 1491 1436 1576 Bothe3
1468 1493 1514 1557 Ils

429 1593 546 1660 cedent
580 1596 711 1661 au-dela
744 1596 846 1659 meme
869 1593 910 1659 de
934 1615 970 1659 ce
994 1614 1054 1678 que
1083 1597 1268 1680 pourraieut
1290 1596 1375 1659 leurs
1398 1595 1513 1659 forces.

428 1697 503 1762 Did.
532 1698 588 1764 Sie
609 1700 721 1781 zeigen
747 1697 815 1762 sich
837 1717 933 1780 sogar
955 1698 1056 1762 wider
1079 1699 1136 1762 der
1160 1699 1278 1764 Gehait
1299 1699 1385 1762 ihrer
1408 1697 1517 1762 Macht

429 1800 590 1868 schwach.
616 1801 753 1887 Krueg.)

502 1909 549 1988 d)
573 1906 652 1971 (ium
676 1905 859 1968 accusativo
882 1904 1111 1989 adjectivorum
1132 1904 1274 1969 neutrius
1295 1903 1424 1987 generis
1442 1923 1516 1967 con-

430 2010 576 2094 junctum
599 2008 649 2072 bis
674 2009 802 2090 legitur:
837 2007 932 2090 Παρεὶ
954 2005 991 2068 τὸ
1014 2006 1141 2070 δίκαιον
1163 2005 1199 2068 τὸ
1224 2009 1390 2090 ξυμφέρον
1412 2006 1516 2086 λέγειν

435 2112 472 2197 V,
487 2113 538 2195 90,
555 2115 581 2175 1.
605 2111 647 2173 Εἰ
662 2115 758 2173 τοῦτο
771 2111 904 2173 δοκοῦσι
928 2109 1016 2190 παρὰ
1039 2107 1075 2170 τὸ
1096 2105 1340 2194 ἀσφαλέστερον
1364 2094 1518 2195 (εῆσσον

433 2212 587 2298 ἀσφαλές.
612 2213 747 2297 Krneg.)
771 2215 890 2296 πρᾶξαι
913 2211 999 2295 VIII,
1026 2213 1076 2295 24,
1099 2213 1130 2276 4.

515 2319 548 2403 γ)
571 2316 813 2402 Praepositionis
849 2315 1030 2397 capricum
1055 2315 1248 2380 accusativis
1278 2316 1516 2401 participiorum

430 2421 606 2505 conjunctae
629 2420 697 2484 haec
723 2415 1037 2503 exempla'repperi:
1061 2419 1102 2481 Ei
1123 2419 1169 2503 μη
1187 2420 1518 2504 καταπεπληγμένους

430 2525 513 2602 ὑμᾶς
545 2523 636 2604 παρὰ
668 2522 705 2583 τδ
733 2521 820 2593 εἰκὸς
847 2521 957 2603 ἑώρων
988 2520 1118 2605 (practer
1142 2521 1310 2603 rationem,
1334 2527 1443 2586 contra
1462 2521 1517 2607 jus

428 2624 557 2709 fasque)
592 2625 634 2699 II,
667 2625 717 2707 62,
753 2625 783 2688 2.
816 2623 878 2689 on.
913 2624 969 2706 111,
1005 2624 1055 2707 40,
1090 2626 1120 2688 4.
1156 2623 1225 2704 (ubi
1256 2624 1347 2706 παρὰ
1370 2625 1407 2686 cd
1431 2624 1519 2697 εἰκός

430 2727 543 2794 eadem
577 2747 674 2813 prope
710 2734 760 2792 est
801 2724 1034 2810 significatione
1062 2747 1124 2811 qua
1159 2731 1257 2794 veria
1291 2725 1516 2794 antecedentia

430 2829 470 2896 ου’
504 2831 698 2918 προσηκον).
746 2830 829 2902 Tude
862 2830 897 2894 δὲ
930 2831 1046 2910 λόγους
1066 2837 1283 2913 μακροτέρους
1305 2827 1345 2895 οὕ
1366 2830 1456 2913 παρὰ
1478 2829 1516 2893 τὸ

429 2934 552 3007 εἰωθὸς
572 2936 781 3019 μηκυνοῶμεν
802 2933 856 3016 IV,
884 2935 931 3009 17,
955 2936 984 2999 2.
1019 2933 1082 2999 ofr.
1106 2933 1159 3009 IV,
1181 2933 1233 3008 55,
1260 2935 1289 2999 3.
1323 2933 1393 3012 VII,
1414 2931 1465 3015 60,
1484 2933 1516 2998 4.

431 3039 483 3122 75,
518 3038 548 3103 5.
593 3035 713 3122 Πρῶτη
747 3058 782 3099 τε
815 3031 895 3121 αὕτη
930 3035 1026 3107 πόλις
1058 3036 1217 3116 ξυμμαχὶς
1240 3037 1330 3120 παρὰ
1354 3036 1391 3105 τὸ
1415 3039 1514 3099 καιδε-

434 3141 553 3228 στηκός
579 3139 702 3225 (Schol.
733 3139 806 3205 aud.
830 3139 861 3203 h.
886 3139 905 3203 l.
928 3137 965 3201 τὸ
988 3138 1142 3224 νόμιμον)
1166 3139 1335 3227 ἐδουλώθη
1358 3139 1383 3221 Ι,
1408 3139 1459 3215 98,
1484 3140 1514 3204 2.

431 3245 494 3312 cfr.
522 3244 593 3323 Vll,
622 3246 673 3322 ot,
705 3245 734 3309 2,
779 3239 876 3306 'adid
899 3241 988 3323 παρὰ
1011 3242 1086 3315 τούς
1109 3245 1316 3314 καθεστῶτας
1344 3244 1515 3325 πλεονεξία

431 3347 520 3420 (aud.
549 3351 583 3411 αἱ
611 3351 759 3410 τοιαῦται
793 3344 922 3421 ξύνοδοι
954 3345 1117 3428 ἐγένοντο)
1141 3347 1198 3425 ΙΙΙ,
1223 3346 1272 3429 82,
1295 3345 1326 3410 5.
1350 3343 1425 3429 (sed
1449 3367 1514 3410 am·

429 3451 546 3516 bitione
571 3455 681 3515 contra
702 3449 794 3532 leges
816 3455 993 3533 praesentes
1017 3448 1198 3536 hujusmodi
1223 3456 1333 3514 coetus
1356 3448 1509 3535 fiebant.)

514 3555 548 3639 δ)
572 3554 651 3619 Cum
687 3552 852 3622 infinitivo,
876 3553 1009 3617 articulo
1039 3553 1174 3638 adjecto,
1199 3553 1403 3638 conjunctum
1423 3553 1514 3632 aspri

429 3655 552 3722 duobus
575 3656 655 3720 locis
679 3655 816 3738 repperi:
842 3657 937 3738 Παρὰ
959 3655 996 3717 τὸ
1018 3655 1064 3739 μὴ
1088 3655 1223 3719 οἴεσθαι
1244 3659 1361 3741 χρῆναι
1379 3656 1405 3737 Ι,
1422 3655 1469 3737 77,
1485 3657 1514 3720 2.

431 3762 526 3844 Παρὰ
547 3759 726 3848 adduxeris
749 3757 828 3843 ἡμῖν
850 3758 875 3843 Ι,
900 3759 950 3842 84,
976 3760 1005 3824 2.

403 3874 406 3881 “
515 3862 547 3948 ε)
570 3860 650 3927 (ium
683 3861 868 3944 pronomine
888 3863 1021 3928 relativo
1037 3862 1207 3947 conjuncta
1223 3861 1408 3946 praepositio
1424 3863 1516 3944 παρα

430 3965 492 4031 hac
513 3965 673 4032 sententia
696 3965 796 4030 semel
818 3973 1004 4049 usurpatur:
1027 3966 1172 4050 Νικήσας
1188 3960 1393 4049 παρὰδῳνο
1410 3964 1516 4031 verbis

431 4068 521 4156 παρὰ
543 4070 643 4131 ταῦτα
664 4061 700 4147 δ)
724 4069 939 4151 προσεδέχετο
962 4067 1015 4153 IV,
1042 4068 1089 4152 19,
1113 4069 1141 4132 2.
