3210 5108
773 402 814 466 24

252 580 287 620 τε
309 554 504 642 α’πῆγγειλεν
527 551 621 619 οὐδὲν
640 553 804 642 εἰρηναίου
827 555 916 640 παρὰ
940 557 1002 618 τών
1025 559 1211 640 Κορινθίων
1234 563 1258 645 Ι,
1284 546 1352 639 29,Ι

254 662 283 724 3.
331 657 414 723 Οὔτε
441 657 581 720 Σόλλιον
608 659 725 739 σφίσιν
750 655 915 741 α’πὲλαβον
944 654 1236 746 παρ”Ἀθηναίων
1264 664 1341 730 οὔτε

253 759 461 845 Ἀνακτόριον
494 761 530 845 λ’,
556 761 605 844 30,
630 764 658 827 3.
714 761 758 824 Οἱ
784 759 842 843 γὰρ
878 759 1052 844 ἄνθρωποι
1074 761 1131 835 τὰς
1152 761 1251 839 οἷκοὰς
1274 770 1339 837 τῶν

255 868 556 950 προγεγενημένων,
590 861 644 928 καὶ
668 856 708 950 ῆν
731 862 887 948 ἐπιχώρια
910 864 1027 944 σφίσιν
1047 853 1084 950 ᾖ,
1119 863 1241 945 ὁμοίως
1261 865 1340 954 οἷβας
1397 924 1401 931 .

253 970 411 1039 σανίστως
440 964 518 1050 παρ’
546 963 694 1054 οίλλῆλων
722 967 869 1052 δεχονται
899 968 924 1043 Ι,
951 967 1000 1049 20,
1033 973 1059 1031 1.
1105 967 1169 1034 Cir.
1198 970 1222 1051 Ι,
1256 971 1286 1052 9,
1312 976 1340 1038 l.

253 1073 295 1152 II,
320 1073 370 1157 62,
394 1073 424 1136 4.
473 1070 517 1134 Οἱ
543 1069 577 1133 δὲ
605 1069 753 1155 χρήματα
780 1067 839 1148 μὲν
868 1069 1012 1144 ἐξέλεξα-ν
1039 1069 1071 1142 ἐς
1093 1071 1151 1135 δύο
1175 1071 1229 1136 καὶ
1250 1075 1340 1160 τριά-

217 1162 218 1170 ¹
257 1196 354 1237 κοντα
393 1173 549 1250 τάλαντα,
584 1174 619 1235 οἱ
654 1171 934 1258 Πελοποννήσιοι,
974 1173 1062 1259 παρὰ
1103 1177 1164 1237 των
1201 1173 1343 1240 Ῥοδίων
1397 1216 1400 1221 -

254 1278 340 1353 VIII,
364 1278 415 1362 44,
440 1279 469 1341 3.
515 1273 601 1340 Ἀλλ’
624 1264 672 1348 οἷς
695 1298 728 1338 τε
754 1271 851 1347 αιίτός
880 1277 988 1361 παρῆν
1011 1274 1065 1339 καὶ
1089 1277 1177 1359 παρὰ
1200 1280 1263 1340 τῶν
1286 1277 1342 1343 ‹ta-

252 1381 334 1459 λων,
374 1377 453 1443 ὅσον
487 1380 639 1458 δύνατον,
680 1375 827 1463 α’κριβείᾳ
865 1376 941 1458 περὶ
973 1378 1112 1442 ἑκαστον
1151 1379 1342 1455 ἐπεξελθών

253 1479 392 1570 (ἠξίωσα
415 1481 569 1568 γράφειν)
593 1485 616 1561 Ι,
641 1484 690 1554 22,
715 1484 742 1547 2.
790 1483 844 1560 (Η.
870 1484 887 1546 l.
911 1481 1078 1565 Kroegero
1109 1483 1204 1549 vaide
1227 1504 1340 1550 assen-
1388 1504 1393 1513 ·

255 1590 324 1668 tior,
355 1589 406 1671 qui
439 1590 483 1651 ita
507 1587 601 1650 vertit
631 1594 661 1650 et
685 1585 844 1669 disputat:
884 1582 991 1648 ”'Aii'
1014 1574 1063 1658 οἷς
1086 1589 1237 1655 τε..,.ί.
1259 1585 1342 1653 α’λλὰ

253 1693 353 1754 ταῦτα
377 1712 411 1753 τε·
435 1686 572 1775 [ῆξίωσα
596 1687 747 1774 γράφειν]
771 1676 819 1758 οἷς
842 1683 938 1758 αὐτὸς
964 1692 1089 1776 παρῆν,
1118 1690 1244 1756 worauf
1263 1699 1343 1757 stata

256 1794 315 1859 des
339 1791 619 1879 entspreohenden
645 1791 699 1856 καὶ
731 1786 751 1856 o·
780 1790 965 1878 ἐπεξῆλθον
994 1793 1066 1857 eine
1095 1794 1213 1858 andere
1245 1795 1368 1861 Wen·¹

140 1979 146 1987 Ι
255 1899 342 1980 dung
365 1899 456 1980 solgt:
491 1895 545 1960 Ioh
570 1895 699 1977 glaubte
723 1896 804 1960 mioh
829 1895 1028 1981 verpfliohtet
1044 1917 1101 1961 nur
1125 1898 1340 1964 darzustellen

254 2001 348 2066 theiis
385 2021 445 2064 von
478 1998 607 2063 Andern
642 1999 755 2076 [durch
791 2000 1025 2082 Erkundigung
1059 2001 1108 2065 bei
1138 1997 1266 2079 ihnerrl,
1302 2023 1340 2069 eo
1397 2051 1403 2063 .

254 2104 329 2168 weit
358 2123 393 2167 es
424 2103 561 2185 iniiglioh
591 2122 667 2175 war,
697 2103 752 2165 nrit
779 2103 996 2184 Genauigkeit
1025 2103 1180 2167 erforsoht
1209 2105 1341 2170 habend

259 2218 341 2288 [was
366 2206 416 2270 ioh
441 2204 598 2269 erioreoht
626 2205 730 2280 habe}
776 2205 868 2268 Denn
897 2225 932 2268 so
953 2205 1035 2270 wird
1060 2206 1247 2295 ἐπεξελθών
1270 2208 1340 2274 hier·

255 2311 311 2376 mit
339 2310 410 2374 denr
439 2308 512 2373 Son.
543 2308 707 2389 [ἐρευνῶν]
737 2329 774 2372 au
799 2311 907 2372 fassen
938 2309 1005 2372 sein
1032 2308 1073 2373 da
1096 2308 1163 2374 sioh
1188 2329 1227 2374 zu
1250 2309 1340 2395 παρὰ

256 2417 317 2476 τῶν
345 2410 451 2475 ἄλλων
475 2411 561 2475 rrioirt
588 2411 706 2493 ffigliolr
737 2411 988 2491 πυνθανόμενος
1015 2413 1183 2478 widerholt
1211 2412 1340 2480 denken

255 2518 358 2582 I'a'sst.'‘
393 2516 504 2598 Poppo
521 2514 708 2577 econtrario
726 2515 772 2576 sio
784 2513 889 2598 jungit
906 2521 937 2579 et
953 2515 1075 2599 explet:
1100 2511 1188 2579 ”α’λλ’
1204 2508 1341 2604 [ῆξίωσα

255 2620 405 2704 γράφειν]
434 2615 622 2691 ἐπεξελθών
639 2623 854 2699 [persecutus
887 2621 1082 2696 narratione]
1112 2607 1160 2691 οἶς
1186 2642 1221 2683 τε
1244 2616 1342 2693 αὐτὸς

254 2728 363 2811 παρῆν
397 2719 450 2784 καὶ
485 2716 573 2802 παρὰ
607 2720 670 2780 των
698 2717 803 2783 ἄλλοιν
829 2720 1079 2800 πυνθανόμενος
1107 2719 1233 2801 [αότά],
1269 2725 1288 2788 i.
1312 2743 1340 2790 e.

254 2827 307 2893 καὶ
331 2822 351 2892 ἃ
373 2821 654 2908 ἕπονθανόμῆν.”)
692 2820 753 2885 Καὶ
782 2815 917 2907 ὕστερον
940 2821 1173 2898 ὑποσπόνδους
1195 2826 1269 2898 τούς
1291 2850 1341 2891 νε-

254 2931 350 3015 κροὺς
383 2925 651 2998 ἀποπλεύσαντες
679 2926 714 2989 οἱ
740 2922 913 3010 Ἀθηναῖοι
944 2927 1033 3011 παρὰ
1060 2930 1122 2990 τῶν
1150 2931 1341 2994 Λευκαδίων

254 3036 446 3117 ἐκομίσαντο
472 3031 529 3110 111,
555 3031 581 3113 7,
606 3032 634 3093 3.
682 3030 736 3095 cfr
770 3031 869 3111 1‚43‚
896 3033 922 3093 l.
969 3028 1066 3112 Παρά
1087 3035 1195 3110 τετοῦ
1222 3036 1341 3109 Θεαγε-

259 3143 354 3218 τὲρου
377 3135 516 3214 δύναμιν
538 3133 644 3217 λαβών
668 3134 690 3216 Ι,
714 3134 781 3216 126,
806 3134 834 3196 3.
880 3132 942 3197 Otr.
964 3133 1017 3215 Vl,
1042 3134 1092 3211 08,
1120 3138 1143 3197 l.
1180 3133 1265 3216 VIII,
1291 3136 1341 3220 28,

254 3246 283 3308 4.
307 3243 358 3324 58,
383 3243 412 3305 4.
458 3237 520 3302 Καὶ
542 3235 695 3321 νεώτερός
714 3258 761 3307 τις
778 3234 867 3319 παρὰ
885 3240 1107 3319 πρεσβυτέρου
1125 3233 1205 3302 αὐτὰ
1220 3239 1342 3318 μαθων

255 3347 279 3431 Ι,
303 3347 354 3424 42,
382 3347 408 3409 l.
455 3338 688 3429 Ἐψῆφίσαντο
712 3338 835 3424 κῆροκα
858 3336 912 3400 καί
935 3342 1111 3422 πρεσβείαν
1139 3338 1217 3424 παρ’
1239 3339 1342 3430 Ἀθῆ-

254 3448 354 3511 ναίων
376 3445 421 3529 μῆ
446 3445 690 3525 προσδέχεσθαι
716 3443 752 3521 V,
777 3444 827 3518 80,
856 3449 880 3506 1,
929 3449 1004 3515 Τοίς
1024 3439 1053 3506 δ’
1073 3441 1265 3530 Ἀθηναίοις
1288 3442 1343 3533 ῆγ-

135 3575 138 3585 ·
255 3548 359 3634 γε’·λθῆ
382 3543 484 3618 εὐθὺς
507 3547 545 3610 τὰ
569 3546 659 3629 παρὰ
686 3548 748 3609 τῶν
777 3547 949 3610 Πλαταιῶν
978 3553 1170 3630 γεγενημένα
1192 3549 1232 3631 ΙΙ,
1257 3551 1285 3632 6,
1311 3552 1340 3616 2.
1376 3540 1379 3547 ’

254 3649 463 3734 (Quamquam
477 3667 587 3712 omnes
602 3668 690 3732 paene
704 3651 843 3716 editores
857 3649 1048 3714 recentiores
1061 3651 1238 3734 BekkeroS,
1252 3653 1342 3720 clas-

255 3754 373 3835 seniuo,
398 3751 592 3832 Kruegerus,
617 3753 737 3836 Poppo‚
769 3753 900 3834 arnold,
927 3751 1067 3833 Boehnre,
1087 3754 1245 3820 Gervinuo
1271 3757 1300 3821 h.
1321 3759 1340 3822 I.

256 3853 574 3940 aceoa'rpraepositione
588 3862 723 3930 utuntur,
737 3876 831 3939 quam
845 3856 962 3920 hahent
975 3858 1114 3921 nonnulli
1129 3856 1224 3921 etiam
1237 3859 1342 3936 codd„

257 3957 332 4022 mihi
345 3965 452 4022 tamen
471 3955 565 4020 valde
585 3956 722 4039 placent,
741 3978 811 4041 quoe
828 3957 966 4023 Didotus
984 3980 1039 4043 pro
1054 3960 1189 4025 lectione
1203 3961 1239 4024 τὰ
1252 3965 1342 4046 παρὰ

256 4063 318 4123 τῶν
341 4060 403 4123 Πλ.
427 4057 586 4142 disputat:
621 4061 686 4124 ”En
711 4063 807 4126 lisant
835 4082 914 4125 aveo
937 4082 977 4125 un
1007 4083 1069 4146 peu
1092 4063 1280 4129 d’attention
1304 4085 1342 4131 oe

261 4161 464 4249 paragrapho
501 4183 540 4226 on
582 4183 654 4227 sera
690 4165 867 4228 oonvainou
897 4170 988 4248 qu’on
1024 4187 1063 4230 ne
1097 4165 1163 4230 doit
1197 4185 1255 4249 pao
1287 4166 1345 4232 lire
