3082 5648
749 814 786 881 11

312 971 348 1058 d)
372 972 469 1038 verbo
485 969 672 1055 quiescendi
688 970 815 1055 addito,
838 990 906 1036 rem
922 972 1054 1037 alteram
1069 972 1163 1058 juxta
1177 974 1312 1039 alteram

225 1085 404 1163 porrectam
429 1095 520 1158 esse,
542 1074 693 1142 declarat.
729 1076 822 1141 Talia
849 1076 947 1142 verba
970 1083 1002 1141 et
1023 1077 1200 1143 looutiones
1224 1084 1312 1143 sunt:

222 1179 523 1266 ἀριστοποιεῖσθαι,
554 1183 712 1259 κτᾶσθαι,
737 1173 831 1258 εἶναι,
861 1189 1031 1264 παρεῖναι,
1060 1182 1150 1258 τάξιν
1184 1175 1277 1246 εἶναι.

309 1288 367 1352 Ex.
402 1278 519 1358 Ὅπως
550 1281 651 1348 αὐτοῦ
683 1284 909 1369 ἐκβιβάσαντες
946 1285 1022 1358 τούς
1062 1286 1178 1359 ναύτας
1209 1284 1312 1360 ου’θύς

224 1392 313 1475 παρὰ
328 1392 384 1463 τὰς
398 1393 474 1462 ναῦς
490 1386 800 1476 ἅριστοποιήσονται
815 1390 884 1466 VlI,
904 1391 954 1467 39,
969 1391 998 1456 2.
1031 1393 1095 1477 Τής
1106 1390 1141 1455 δὲ
1155 1394 1313 1465 Παιονίας

224 1495 313 1580 παρὰ
335 1495 392 1559 τὸν
412 1493 522 1570 Ἄξιον
545 1493 696 1572 ποταμὸν
721 1494 838 1579 στενήν
853 1517 923 1558 τινα
947 1494 1159 1580 καθήκουσαν
1181 1492 1312 1560 ἄνωθεν

222 1605 318 1685 μέχρι
352 1599 478 1686 Πέλλης
506 1597 560 1662 καὶ
587 1598 759 1684 θαλάσσης
788 1597 964 1686 ἐκτήσαντο
992 1600 1033 1679 ΙΙ,
1064 1600 1114 1681 99,
1140 1601 1168 1665 3.
1214 1599 1311 1681 Παρὰ

223 1701 252 1768 d'
274 1699 391 1775 αὐτοὺς
413 1704 448 1766 οἱ
475 1702 637 1783 ξύμμαχοι
664 1698 830 1787 Ἀρκαδων
859 1692 942 1788 ήσαν
971 1703 1008 1787 V,
1033 1704 1083 1783 67,
1107 1704 1137 1768 3.
1184 1703 1248 1777 Τὰς
1276 1704 1311 1769 δὲ

223 1811 286 1873 τῶν
316 1807 551 1892 Μυτιληναίων
579 1807 656 1869 δέκα
684 1805 841 1891 τριήρεις,
869 1810 905 1868 αἲ
926 1806 1041 1885 ἔτυχον
1070 1805 1194 1894 βοηθοὶ
1221 1808 1311 1894 παρὰ

224 1915 311 1994 σφᾶς
327 1910 406 1974 κατὰ
430 1910 466 1973 τὸ
484 1909 687 1991 ξυμμαχικὸν
702 1913 886 1994 παροῦσαι,
909 1916 1066 1990 κατέσχον
1088 1912 1123 1974 οἱ
1137 1907 1312 1998 Ἀθηναῖοι

223 2017 280 2094 ΙΙΙ,
305 2019 334 2090 3,
359 2015 388 2079 3.
434 2015 529 2098 (Haeo
554 2013 653 2078 verba
680 2012 772 2096 παρὰ
804 2016 891 2096 σφᾶς
919 2015 1105 2097 Kruegerus
1133 2015 1224 2082 nnois
1253 2017 1312 2081 oir-

226 2120 408 2186 oumsoribit
428 2120 590 2202 glossema
613 2117 774 2202 quoddam
799 2139 872 2184 osse
896 2120 1098 2204 existimans,
1123 2120 1198 2203 quia
1220 2121 1312 2206 παρά

226 2245 296 2289 oum
332 2223 516 2288 aoousativo
547 2221 672 2287 videtur
705 2222 808 2286 losum
844 2223 1080 2306 praepositionis
1117 2223 1207 2308 παρά
1241 2244 1312 2295 oum

225 2329 331 2394 dativo
360 2327 489 2391 habere.
534 2327 572 2391 Ei
601 2334 708 2391 tamon
736 2327 887 2391 assentiri
910 2347 972 2390 non
995 2347 1181 2411 possumus,
1215 2349 1309 2414 quum

225 2441 376 2513 παρεῖναι
393 2429 672 2516 praepositionibus
690 2429 758 2508 ἐπί,
780 2427 827 2501 εἰς
842 2448 913 2492 oum
931 2432 1116 2496 accusativo
1133 2432 1312 2516 saepissimo

225 2536 449 2620 conjungatur3
478 2540 511 2598 at
541 2553 604 2616 qna
632 2540 694 2621 est,
728 2542 761 2598 ut
787 2533 855 2619 jam
886 2533 1159 2618 supradiximus,
1189 2545 1311 2602 nontra-

225 2640 327 2704 otione
351 2647 383 2704 et
404 2637 560 2702 brevitate
585 2636 750 2700 vorborum
766 2637 876 2719 lingna
892 2637 1019 2715 draca,
1044 2640 1207 2705 ”attractio
1227 2660 1312 2724 quas-

225 2742 327 2823 dam'’‚
354 2750 388 2807 ut
410 2742 455 2806 ait
478 2741 547 2804 Rau
571 2761 623 2824 pg.
647 2741 703 2814 64,
739 2742 862 2826 ''potius
888 2749 938 2805 est
960 2740 1143 2807 statuenda:
1171 2745 1313 2832 τριήρεις

223 2848 312 2932 παρὰ
335 2851 421 2930 σφᾶς
443 2849 744 2932 παραχεχενημέναι
769 2843 825 2912 καὶ
853 2845 942 2932 παρὰ
972 2848 1070 2928 σφίσι
1100 2851 1313 2937 πορούσαι.”)

224 3061 383 3144 Σκιριτῶν
405 3057 608 3143 τετρακόσιοι
637 3055 691 3120 καὶ
713 3059 806 3121 δυοῖν
828 3059 953 3130 δέοντες
974 3056 1176 3142 πεντήκοντα
1199 3057 1312 3141 ἄνδρες

223 3164 243 3251 ή
267 3164 380 3250 πρώτη
405 3163 492 3238 τάξις
515 3152 556 3249 ἦν
580 3159 672 3246 (παρ’
695 3157 783 3226 ἅπαν
810 3194 833 3216 =
854 3184 910 3247 per
932 3169 1032 3228 totam
1056 3163 1208 3248 frontem3
1232 3166 1311 3232 Gor·

224 3269 361 3334 manioo:
391 3268 443 3332 dio
473 3287 575 3350 ganne
599 3268 698 3332 Front
722 3267 787 3332 hin.
811 3269 945 3349 Krueg.)
967 3268 1004 3349 V,
1030 3269 1080 3349 68,
1106 3270 1135 3333 3.

309 3373 381 3436 Non
405 3370 524 3450 dubito,
548 3371 622 3452 quin
647 3369 698 3435 hio
721 3390 845 3454 quoquo
868 3371 956 3434 loons
980 3370 1136 3455 ejusmodi
1161 3372 1217 3437 sit:
1251 3370 1312 3436 Καὶ

225 3470 291 3556 ἅμα
321 3470 399 3550 α’ξιῶ
423 3471 598 3552 ὑμᾶς
624 3472 677 3536 καὶ
702 3471 820 3544 αὐτοὺς
841 3475 899 3536 νῦν
926 3475 1038 3554 μεῖναί
1059 3459 1169 3537 τεκαὶ
1192 3471 1311 3555 α’μννο-

223 3583 341 3659 μένους
364 3572 442 3658 παρ’
464 3572 566 3661 αὐτήν
595 3576 654 3662 τήν
678 3573 794 3661 ῥαχίαν
817 3576 930 3652 σώζειν
958 3573 1041 3656 ὑμᾶς
1062 3598 1097 3638 τε
1118 3574 1237 3650 ον’τούς
1258 3575 1313 3642 καὶ

225 3681 262 3744 τὸ
284 3681 404 3764 χωρίον
426 3679 479 3760 IV,
511 3679 557 3758 10,
581 3680 611 3742 ἵ).

311 3782 553 3865 Significatione
572 3783 730 3868 consimili
754 3784 844 3867 παρά
860 3803 929 3847 oum
951 3783 1136 3849 accusativo
1153 3805 1191 3850 ex
1206 3785 1313 3851 verbis

225 3887 411 3971 quiesoondi
435 3887 564 3951 omissis
588 3885 721 3970 pendet,
748 3906 937 3970 quamquam
956 3906 996 3952 ox
1011 3887 1144 3953 artioulo
1167 3890 1218 3953 vel
1240 3890 1313 3954 sub-

226 3991 374 4055 stantivis
414 4009 605 4074 suspensum
644 4009 718 4054 osso
752 3990 891 4054 videtur:
941 3992 986 4054 Οἱ
1018 3989 1107 4076 παρὰ
1141 3989 1314 4054 θάλασσαν

225 4093 400 4180 ἄνθρωποι
427 4094 603 4178 (hominos,
641 4094 693 4178 qui
722 4113 820 4179 propo
847 4096 966 4181 (juxta)
995 4115 1082 4160 mare
1112 4095 1313 4182 habitabant)

226 4200 251 4274 Ι,
274 4200 303 4276 8,
332 4205 361 4264 2.
403 4195 565 4269 Ὁπλίτας
593 4195 628 4260 δὲ
655 4197 854 4279 τρισχιλίους
881 4198 935 4262 καὶ
964 4202 1100 4283 μυρίους
1126 4192 1209 4261 εἶναι
1236 4197 1314 4262 ἄνευ

225 4303 289 4363 τῶν
311 4299 345 4362 ἐν
367 4308 435 4373 τοῖς
452 4302 623 4384 φρουρίοις
640 4299 772 4364 καὶτῶν
795 4298 874 4386 παρ’
890 4302 1026 4378 ἔπαλξιν
1049 4309 1200 4386 (propter,
1220 4301 1314 4387 juxta

226 4406 359 4490 pinnas)
376 4407 601 4485 ἑξακισχιλίαν
617 4404 670 4469 καὶ
686 4409 811 4490 μυρίαν
830 4408 896 4490 (ηαὶ
915 4406 956 4472 ad
977 4409 1108 4473 tutelam
1130 4405 1313 4494 [moenium]

226 4509 370 4573 oollooati
400 4516 505 4589 erant)
535 4508 576 4592 ΙΙ,
608 4511 649 4574 13
675 4511 704 4574 5.
759 4512 804 4574 Οἱ
828 4510 864 4574 ἐκ
891 4514 947 4597 της
974 4507 1184 4595 α’κροπόλεως
1213 4510 1247 4574 ἐν
1274 4513 1315 4598 τή

186 4687 189 4692 ,
225 4612 339 4698 Μένδη
355 4611 629 4699 πολιορκοίμενοι
653 4612 823 4699 ἐπίκουροι
844 4612 1037 4698 βιασάμενοι
1070 4614 1159 4699 παρὰ
1187 4614 1314 4678 θάλασ-
