3082 5648
757 787 774 859 ς,

220 954 278 1018 τὸν
312 956 391 1033 χοῦν·
420 952 461 1031 11,
491 953 540 1027 76,
570 955 596 1018 l.
644 947 704 1012 Καὶ
728 952 791 1011 τῶν
815 949 1048 1028 Συρακουσίων
1072 949 1105 1010 οἱ
1126 945 1186 1026 μὲν
1208 944 1244 1008 τὸ
1268 946 1318 1008 δε-

223 1057 293 1132 ξιὸν
328 1059 423 1137 κε’ρας
457 1056 584 1134 ἔχοντες
613 1053 696 1138 πρὸς
729 1052 787 1135 τήν
816 1050 916 1115 πάλιν
944 1053 1084 1134 ἔφυγον,
1108 1051 1143 1113 οἱ
1163 1044 1251 1113 δ’ἐπὶ
1273 1052 1318 1132 τῳ

223 1156 380 1241 εάωνάμῳ
416 1157 506 1243 παρὰ
539 1157 596 1221 τὸν
633 1153 782 1236 ποταμόν·
824 1153 876 1228 VI,
918 1155 985 1237 101,
1018 1155 1046 1217 3.
1090 1146 1254 1237 Ὕστερον
1281 1151 1318 1215 δὲ

224 1265 399 1346 φοιτῶντες
426 1257 504 1341 παρ’
528 1257 725 1345 ’.λθήναίους
749 1259 773 1340 Ι,
801 1258 869 1340 136,
896 1264 925 1322 1.
965 1253 1111 1329 Ἱππίας
1124 1304 1216 1321 .....
1240 1254 1318 1335 ἐχά-

224 1388 272 1450 ρει
296 1361 512 1437 ὑπόσπονδος
534 1365 567 1436 ἔς
588 1386 623 1426 τε
646 1363 777 1440 Σίγειον
800 1358 853 1423 καί
877 1355 955 1442 παρ’
982 1358 1153 1446 Αἰαντίδήν
1173 1358 1205 1431 ἐς
1227 1359 1319 1440 Λάμ-

226 1480 335 1555 ψακον
358 1469 412 1548 Vl,
435 1470 485 1551 59,
511 1472 540 1533 ι’).
587 1462 645 1528 Ἐκ
669 1463 728 1547 γὰρ
751 1465 808 1548 τής
830 1461 928 1548 ἀλλής
947 1461 1104 1535 Ἑλλάδος
1128 1463 1163 1525 οἱ
1183 1463 1317 1547 πολέμῳ

224 1565 245 1657 ή
279 1570 391 1635 στάσει
428 1571 642 1641 ’ἐκπίπτοντες
676 1563 754 1647 παρ’
788 1561 987 1652 Ἀθηναίους
1021 1568 1056 1629 οιῖ
1080 1565 1318 1644 δυνατώτατοι,

226 1673 267 1746 ῶς
300 1677 432 1756 βέβαιον
461 1671 514 1750 ὅν,
545 1670 730 1754 ἀνεχώρουν
755 1672 777 1755 Ι,
803 1673 832 1753 2,
857 1673 886 1735 3.
923 1671 986 1736 CII.
1014 1676 1035 1755 I,
1061 1672 1112 1751 63,
1136 1674 1165 1736 2.
1202 1672 1242 1749 ΙΙ,
1267 1674 1318 1751 82,

230 1783 256 1842 1.
304 1779 440 1860 Πρῶτον
462 1777 523 1857 μὲν
544 1776 714 1858 ὑποχωρεῖ
732 1777 848 1847 δείσας
864 1775 953 1861 παρὰ
980 1779 1210 1862 Τισσαφέρνην
1233 1777 1320 1856 VIII,

226 1884 277 1957 45,
303 1882 332 1944 2.
372 1873 490 1952 Ὅπως
523 1880 569 1966 μή
598 1882 643 1961 τήν
673 1877 816 1964 ὑμετέρῳ
838 1875 937 1960 εὔνῳ,
962 1877 992 1942 εἰ
1014 1878 1059 1965 μή
1084 1881 1321 1966 προσαχδήσε-

228 1990 308 2063 σίνε,
332 1991 400 2055 τοῖς
422 1979 490 2045 ἀπὸ
515 1981 607 2063 ὑμῶν
634 1980 779 2067 χρήμασι
803 1985 997 2064 φερομένοις
1023 1977 1101 2064 παρ’
1123 1977 1322 2069 Ἀθηναίους

227 2087 433 2170 βλάπτωνται
457 2088 510 2167 IV,
537 2089 586 2162 87,
613 2087 641 2150 2.

314 2191 405 2275 Saepe
435 2188 526 2274 παρά
551 2209 619 2253 num
646 2188 830 2252 aecusatino
855 2207 893 2250 ex
918 2188 1048 2252 omissis
1073 2190 1122 2252 vel
1148 2189 1321 2254 latentibus

228 2297 333 2361 verbis
369 2300 471 2358 motus
508 2292 644 2375 pendet,
678 2311 746 2374 quae
778 2296 884 2353 tamen
913 2290 1010 2353 verba
1032 2291 1127 2355 facile
1151 2293 1321 2374 cogitando

228 2398 351 2480 expleri
375 2403 520 2479 possunt.
568 2395 624 2458 Ex.
657 2392 751 2473 Παρὰ
775 2388 923 2464 δἀὐτούς
945 2392 1155 2467 (audiendum
1179 2403 1229 2459 est
1253 2415 1321 2460 τετ-

227 2499 300 2562 hum
325 2497 521 2572 ἐπετάξαντο
539 2529 560 2550 --
580 2498 795 2581 collocarunt)
819 2492 873 2556 καὶ
896 2494 972 2566 τούς
995 2491 1185 2569 ἀκοντιστάς
1200 2497 1255 2573 VI,
1269 2499 1319 2580 67,

230 2603 258 2665 4.
285 2598 449 2663 Τάνταλον
461 2600 496 2663 δὲ
514 2599 603 2683 παρὰ
620 2599 694 2672 τοὺς
707 2597 823 2669 ἀλλους
834 2595 909 2669 τοδς
932 2597 965 2659 ἐν
987 2600 1027 2684 τή
1049 2598 1138 2684 νήσῳ
1163 2603 1321 2664 Λακεδαι-

227 2705 362 2785 μονίους
384 2705 565 2789 καταδήσαι
595 2704 663 2788 (nbi
693 2704 778 2768 notio
808 2702 953 2766 mittendi
978 2703 1068 2779 laten
1094 2722 1165 2765 nam
1192 2711 1242 2767 est
1265 2725 1320 2789 pro

229 2808 424 2893 plenioribus
463 2806 626 2877 Τάνταλον
656 2806 744 2889 παρὰ
768 2805 843 2878 τούς
867 2804 983 2877 ἀλλους
999 2856 1005 2871 .
1021 2855 1027 2867 .
1043 2854 1070 2868 ..
1095 2801 1322 2884 ἀπαγαγόντας

229 2911 418 2996 κατοδήσαι.
442 2910 514 2993 Ρμ,)
537 2912 591 2985 IV,
617 2913 666 2992 61,
693 2919 720 2976 4.
766 2909 900 2974 Videtur
913 2913 1007 2974 etiam
1029 2911 1157 2974 verbum
1177 2910 1320 2976 mittendi

229 3015 381 3079 omissum
417 3033 491 3078 esse
530 3013 589 3078 1ου
619 3014 649 3077 in
675 3015 762 3078 1000:
786 3012 848 3074 Καὶ
872 3012 961 3097 παρὰ
986 3015 1177 3078 Παυσανίαν
1201 3013 1233 3086 ἐς
1255 3021 1321 3077 Βυ-

229 3119 354 3194 ζάντιον
377 3115 555 3202 ἐπιστολὴν
578 3114 789 3180 ἀντεπετίθει
813 3111 899 3198 αάτῳ
924 3115 1110 3197 ῶςτάχιστα
1130 3100 1341 3203 διαπέμψαι

229 3222 258 3295 Ι,
285 3223 360 3302 126,
387 3223 417 3286 2.
553 3287 556 3290 ⁴

316 3325 589 3407 Significationem
614 3323 757 3408 ejusdem
794 3322 924 3405 genens
960 3322 1054 3386 habet
1089 3324 1177 3408 ,μεριξ
1206 3344 1246 3388 ex
1271 3323 1321 3390 his

229 3427 335 3493 verbin
376 3447 589 3512 suspensum:
633 3427 837 3507 ε’πιμίσγειν,
884 3424 1139 3505 ἐπιμίγνυσθαι,
1177 3428 1320 3507 ξυλλέγε-

229 3536 329 3607 σθυι,
353 3534 472 3612 φοιτᾶν
496 3538 589 3594 etex
614 3529 774 3595 locutione
799 3526 1017 3612 πλωϊμάιερα
1034 3532 1215 3609 γίγνεσθαι.
1261 3532 1320 3598 Ex.

232 3636 304 3697 Τῶν
334 3632 502 3718 Ἑλλήνων
535 3633 572 3695 τὸ
605 3633 707 3696 πάλαι
727 3681 734 3696 .
756 3681 763 3696 .
782 3679 788 3694 .
810 3685 816 3696 .
840 3628 919 3717 παρ’
945 3627 1104 3717 ἀλλήλους
1131 3632 1322 3714 ἐπιμισγάν·

227 3759 293 3799 των
324 3738 530 3818 (οοωῳετῶο
565 3741 647 3801 inter
681 3755 717 3799 se
748 3735 881 3819 habere)
917 3737 940 3815 I,
967 3736 1016 3810 13,
1041 3736 1069 3800 3.
1115 3731 1172 3798 Ἕν
1200 3722 1323 3821 ᾧοῦτε
1410 3762 1414 3769 ·

229 3839 444 3920 ἐπεμίγνυντο
478 3841 526 3903 ἔτι
554 3834 727 3925 ἀκήρυκτεὶ
756 3833 835 3920 παρ’
862 3833 1021 3923 ἀλλήλους
1049 3839 1262 3913 καταστάντες
1289 3865 1322 3906 τε

229 3945 367 4023 ξυνεχῶς
399 3943 583 4024 ἐπολέμουν
616 3944 656 4027 11,
695 3949 722 4025 1,
763 3945 787 4005 1.
834 3940 912 4006 Cum
948 3939 1006 4006 hoo
1036 3950 1169 4026 utroque
1200 3945 1270 4010 1000
1295 3947 1322 4012 is

232 4047 444 4112 conferendus
479 4054 530 4111 est
563 4045 778 4126 ἐπεμίγνυντο
806 4042 841 4107 δὲ
865 4037 953 4125 ὅμως
975 4044 1009 4107 ἐν
1031 4042 1145 4118 αάταῖς
1167 4046 1221 4112 καὶ
1244 4047 1324 4133 παρ’

229 4145 388 4236 ἀλλήλους
410 4149 553 4232 ἐφοίτων
577 4150 601 4231 Ι,
630 4150 697 4232 146,
719 4153 746 4213 1.
794 4146 855 4211 Καὶ
872 4147 1077 4228 ξυνελέγοντο
1095 4149 1338 4232 διοράσσοντες

228 4250 304 4323 τούς
325 4250 455 4326 κοινοδς
476 4255 606 4331 τοίχους
629 4248 708 4336 παρ’
730 4247 889 4337 ἀλλήλους
912 4251 952 4335 ΙΙ,
978 4254 1006 4325 3,
1025 4254 1052 4317 2.
1100 4252 1324 4328 Καταστάντος

228 4354 263 4420 δὲ
291 4358 350 4419 τοῖν
378 4359 476 4420 Μίνω
499 4357 653 4419 ναυτικοῦ
677 4354 893 4438 πλωίμῶτερα
917 4355 1042 4435 ἐγένετο
1066 4353 1146 4439 παρ>
1165 4352 1325 4444 ἀλλήλους

229 4460 328 4543 (ultro
352 4461 505 4543 nitroque.
537 4459 632 4524 Gottl.
659 4461 760 4536 Duk.)
786 4462 810 4535 1,
835 4462 863 4534 8,
888 4462 915 4524 2.

152 4634 154 4641 ,
320 4563 562 4646 Nonnumquam
599 4561 690 4644 παρά
718 4583 788 4628 cum
813 4563 998 4627 accusativo
1023 4562 1136 4626 endem
1162 4568 1324 4634 sententia

152 4692 157 4757 γ
232 4673 420 4753 usurpatum
456 4674 506 4731 est
541 4685 579 4730 ex
605 4665 815 4731 substantivis
840 4685 1031 4751 suspensum
1056 4664 1140 4731 idern
1164 4675 1260 4752 atque
1285 4690 1324 4738 en
