3210 5108
620 488 661 554 25

13 628 20 637 ²
99 651 277 711 autremeut
298 645 329 709 Ie
352 662 493 729 passage
521 662 561 708 en
592 643 748 724 question.
794 644 893 709 'Phua
925 644 1043 710 entend
1067 666 1125 730 par
1147 645 1188 710 ιὰ

14 832 17 837 v
101 751 294 834 γεγενημένα
318 746 407 831 παρὰ
429 748 492 808 τῶν
517 745 578 808 Πλ.
602 745 754 828 l’attaque
779 755 930 813 nocturne
952 749 1030 814 faite
1054 769 1113 833 pat·
1135 751 1183 815 les

101 852 252 917 Plateens
268 857 300 915 et
321 849 486 915 annoneee
502 869 560 933 par
576 849 605 914 le
628 849 765 933 premier
779 858 812 915 et
832 851 862 916 le
883 850 1004 916 second
1019 852 1186 917 courrier.”

101 959 128 1019 A
151 974 213 1037 qua
236 960 343 1018 tamen
367 951 527 1019 sententia
548 950 704 1016 Benediot
727 953 780 1017 ille
804 954 961 1019 abhorret.
1007 954 1185 1019 ”Meliorem

101 1058 207 1140 puto‚’'
229 1059 345 1140 inquit,
371 1059 462 1121 ”esse
486 1074 544 1120 sex
573 1053 718 1120 oodieum
749 1056 933 1122 tentionem:
962 1056 1001 1121 ιδ
1023 1054 1101 1142 περὶ
1123 1059 1186 1120 νῶν

102 1162 162 1226 nr.
187 1197 238 1226 -.
269 1161 352 1226 nam
385 1159 478 1224 rtur:
511 1159 601 1242 παρα
634 1158 709 1242 qua
742 1142 804 1222 'non
838 1158 894 1223 aa:
929 1154 1092 1245 η’γγειοη,
1126 1159 1185 1225 ser
1269 1149 1271 1155 ’

101 1261 160 1328 ad:
199 1267 392 1348 γεγενημένα
424 1260 559 1326 deberet
591 1261 718 1338 reterri,
752 1260 782 1325 h.
816 1261 836 1326 l.
872 1260 976 1326 minus
1006 1261 1185 1345 quadrat.'’)

33 1396 37 1405 ·
101 1364 162 1429 Καὶ
184 1367 284 1429 aurita
297 1361 385 1451 ,παρ’
411 1360 600 1427 αὐτῶντῶν
622 1365 724 1446 ἔργων
753 1363 970 1444 ἐπισταμένας
991 1364 1047 1438 τὰς
1069 1365 1184 1439 πόλεις

100 1469 260 1541 (olvitates
293 1469 366 1554 ipsa
394 1467 592 1553 experientia
615 1466 759 1544 edoctas)
793 1469 907 1548 σαφῶς
933 1462 1030 1542 αὐτὸς
1065 1467 1185 1532 εἰδέναι

101 1565 151 1633 ὅτι
175 1567 257 1635 οὕτω
281 1573 449 1652 νομίζουσι
477 1571 563 1654 VIII,
592 1572 644 1646 48,
673 1570 702 1635 6.
726 1569 781 1656 (de
810 1590 871 1653 quo
899 1571 968 1636 loeo
997 1572 1079 1637 infra
1111 1573 1184 1656 plus

100 1675 292 1759 loquamur.)

185 1776 329 1842 Eandem
346 1775 614 1858 significationem
635 1776 818 1842 oaussalem
839 1775 981 1841 eontinet
1003 1777 1184 1862 praepositio

101 1880 194 1964 ,παρά
236 1899 276 1945 ex
313 1880 514 1945 substantivo
549 1898 709 1963 suspensa
742 1878 804 1945 hoo
837 1880 923 1946 loeo:
969 1877 1119 1948 Ξυνελων
1151 1900 1186 1943 τε

104 1984 184 2062 λέγω
218 1982 277 2068 την
310 2005 344 2046 τε
372 1984 481 2046 πᾶσαν
508 1981 608 2045 πόλιν
634 1983 691 2067 τῆς
708 1979 865 2054 Ἑλλάδος
887 1982 1061 2046 παίδευσιν
1083 1973 1184 2061 εἶναι,
1282 2057 1285 2063 ¹

100 2085 154 2149 καὶ
189 2082 267 2148 καθ’
295 2085 431 2149 ἕκαστον
458 2086 566 2148 δοκεῖν
594 2081 634 2148 ἄν
666 2107 724 2165 μοι
752 2084 810 2146 υδυ
840 2080 940 2147 αὐτὸν
972 2083 1072 2168 ἄνδρα
1106 2082 1184 2169 παρ’

98 2188 191 2276 ἡμῶν
220 2186 284 2272 arri}
304 2183 431 2252 πλεῖστ’
462 2180 501 2251 δν
528 2186 615 2272 είδη,
639 2186 692 2251 καὶ
714 2187 793 2268 μετὰ
821 2190 961 2273 χαρίτων
990 2184 1121 2268 μάλιστ’
1144 2182 1183 2252 δν

98 2288 319 2376 εὐιραπέλως,
341 2289 378 2354 ιδ
395 2292 487 2370 σῶμα
503 2287 657 2374 αι’ίιαρκες
676 2295 882 2377 παρέχεσθαι
896 2292 946 2366 -ΙΙ,
961 2291 1013 2368 41,
1033 2297 1061 2356 1.
1088 2289 1184 2378 (παρ’

100 2394 191 2482 ἡμῶν
218 2427 241 2448 =
269 2395 322 2477 qui
351 2414 371 2458 a
403 2392 496 2457 nobis
529 2392 663 2476 exstitit,
699 2385 786 2459 ortus
814 2402 876 2479 est3
911 2394 1051 2479 perbene
1084 2394 1180 2461 inter·

97 2506 241 2582 pietatus
264 2503 314 2562 est
336 2495 452 2561 Bothe:
486 2514 544 2580 per
572 2516 646 2575 nos,
682 2503 791 2561 nostra
820 2516 918 2580 opera
941 2503 973 2562 et
995 2495 1180 2581 disciplina,

98 2609 131 2666 et
152 2602 352 2684 Krnegerus:
388 2619 449 2664 von
472 2617 532 2664 uns
554 2598 621 2681 her,
660 2599 759 2664 durch
787 2619 882 2666 unsre
911 2599 1094 2682 Erziehung
1116 2599 1182 2665 und
1265 2669 1267 2673 ,

99 2703 240 2786 Biidung
263 2708 490 2786 ausgerdstet.)
1162 2720 1166 2729 ·

183 2807 264 2870 Item
291 2825 331 2870 ex
359 2807 490 2871 articulo
516 2805 659 2871 neutrius
682 2802 810 2885 generis
846 2821 1022 2887 suspensa,
1059 2803 1180 2886 signifi-

96 2928 176 2973 oans
194 2909 230 2993 α)
249 2927 316 2990 quae
331 2907 370 2972 ab
387 2908 492 2990 aliquo
509 2907 604 2992 fiant3
628 2927 678 2972 ex,
703 2904 750 2969 Τὰ
765 2901 844 2991 παρ’
860 2903 950 2986 ὑμῶν
968 2903 1065 2982 α’ξίως
1082 2928 1181 2992 προα-

97 3014 262 3097 πανιησαι
295 3018 348 3086 (ea
375 3029 442 3093 quae
468 3010 673 3095 praeparastis
697 3006 738 3073 ad
766 3009 901 3093 patriam
929 3008 1180 3086 defendendam

97 3135 173 3180 eure
189 3116 387 3195 Rtistungen.
411 3113 532 3196 Krueg.
551 3133 626 3179 eure
638 3110 851 3179 Streitkrdfte.
868 3112 1021 3194 Boehme.)
1041 3113 1065 3198 Ι,
1082 3114 1133 3195 69,
1149 3116 1179 3179 4.

98 3220 162 3285 cfr.
198 3218 244 3281 Τδι
268 3217 302 3280 δὲ
330 3211 408 3300 παρ’
431 3211 643 3295 Ἐγεσταίων,
674 3209 695 3279 δι’
721 3215 847 3294 λέγεται
874 3215 944 3279 ἐκεῖ
973 3221 1102 3296 ἑτοῖμα,
1130 3239 1181 3281 νο-

97 3325 215 3403 μίσατε
241 3318 296 3382 καὶ
327 3317 410 3399 λόγῳ
439 3311 478 3380 δυ
504 3317 645 3399 μάλιστα
673 3321 787 3396 ἑτοῖμα
815 3310 899 3381 εἶναι
929 3320 988 3403 vl,
1013 3322 1068 3394 22,
1093 3322 1123 3386 3.
1146 3325 1180 3404 β)

99 3445 166 3510 quae
189 3422 231 3490 ad
254 3441 345 3506 quem
369 3420 551 3506 pertineant
574 3422 625 3486 vel
654 3441 674 3486 a
702 3441 763 3504 quo
793 3429 1034 3504 exspectentur:
1071 3428 1114 3488 ot
1141 3423 1180 3488 τὰ

99 3523 177 3611 παρ’
217 3524 307 3605 ὑμῶν
348 3526 538 3604 νομίσαντες
583 3521 644 3609 ἥδη
686 3524 766 3587 καιδ
806 3526 921 3608 κράτος
958 3526 1180 3609 πολεμεῖσθαι

99 3629 357 3715 ὀλιγωρήσουσιν
380 3621 475 3707 (ὅσον
498 3622 556 3710 ἀφ’
579 3623 677 3707 ὑμῶν.
706 3626 805 3704 Duk.)
828 3628 880 3713 Vl,
904 3630 955 3712 91,
979 3631 1008 3694 6.

182 3732 328 3798 Eandem
351 3731 418 3796 t'ere
447 3728 626 3796 eaussalem
656 3729 719 3794 vim
750 3731 860 3796 neseio
882 3751 924 3796 an
948 3733 1037 3818 παρα
1058 3754 1179 3819 praepo·

18 3920 22 3929 ¹
99 3838 171 3904 sitio
195 3836 245 3901 his
268 3837 300 3901 in
326 3835 481 3918 exemplis
504 3834 682 3909 contineat,
713 3833 764 3898 ubi
787 3853 882 3916 quum
906 3837 993 3900 solus
1017 3837 1178 3918 genitivus

20 4014 23 4019 ¹
99 3941 142 4006 ad
172 3937 363 4004 sententiam
393 3937 633 4022 exprimendam
663 3935 836 4021 sufficeret,
871 3939 1053 4022 praepositio
1087 3960 1177 4026 paene

97 4059 338 4127 supervacanea
361 4047 425 4104 est:
463 4040 530 4128 Την
551 4041 641 4124 παρὰ
669 4041 851 4123 Περδίκκου
881 4042 1050 4104 διακοσίων
1071 4042 1180 4108 ἵππον

95 4148 120 4212 Ι.
150 4147 200 4227 62,
230 4147 258 4209 2.
306 4139 513 4230 Ἀλκιβιάδην
537 4195 543 4207 .
564 4194 570 4207 .
589 4192 596 4206 .
617 4196 623 4208 .
647 4141 788 4224 ἄσμενον
815 4141 875 4230 τὴν
902 4143 991 4229 παρὰ
1019 4145 1176 4227 βασιλέως

95 4250 278 4331 ξυμμαχίαν
305 4249 457 4331 παρέξειν
485 4246 571 4331 VIII,
596 4250 644 4334 76,
668 4250 697 4313 6.
743 4246 802 4334 Μὴ
832 4247 1087 4333 ὑπερβαίνοντας
1116 4247 1175 4333 τὴν
