3210 5108
784 402 820 465 18

264 557 331 648 [τῆς
353 554 510 646 Ἀθηνρῖς]
535 556 662 640 εἰδόλῳ)
689 556 771 619 Τότε
788 556 823 619 δὲ
841 561 933 639 κε’-ρας
950 556 1009 636 μὲν
1021 554 1187 635 εὐώνυμον
1199 562 1349 640 Σκιρῖται

262 657 373 735 adroic
405 663 603 724 addictorum
638 656 688 722 άεὶ
723 658 842 744 ταύτην
874 659 933 745 τὴν
958 659 1047 734 τάξιν
1069 658 1166 739 μόνοι
1189 662 1349 723 Λακεδαι-

261 766 383 845 μονίων
417 762 473 827 ἐπὶ
507 766 601 845 σφῶν
624 756 729 825 αὐτῶν
751 763 886 840 ἔχοντες·
917 761 1006 845 παρδι
1038 759 1067 824 δ’
1090 759 1198 834 αὐτοῖς
1226 764 1261 825 οἱ
1291 761 1349 826 ἐπὶ

264 868 398 953 Θράκης
420 866 612 948 Βρασίδειοι
636 867 827 947 στρατιῶται
851 863 904 928 καὶ
926 864 1139 945 νεοδαμώδεις
1160 860 1350 943 μετάάτῶυῗ

261 967 366 1034 ἔπειτ’
392 968 454 1056 ἤδη
482 967 737 1047 Λακεδαιμόνιοι
757 963 851 1031 αὐτοὶ
874 971 947 1053 ἑξῆς
970 970 1175 1032 καθίστασαν
1197 966 1272 1039 τούς
1295 967 1348 1030 δό-

261 1097 338 1154 χους
371 1072 424 1137 καὶ
458 1069 536 1154 παρ’
570 1067 687 1141 adroic
716 1065 879 1151 Ἀρκάδων
898 1070 1039 1156 Ἤραιῆς
1059 1071 1095 1151 V,
1121 1073 1170 1149 67,
1197 1070 1239 1155 ἓξ
1269 1074 1292 1153 Ι,
1318 1072 1348 1134 2.

262 1177 350 1259 (Μοο
373 1175 500 1259 quidem
519 1173 642 1259 judicio
667 1173 764 1237 verba
788 1171 876 1254 παρὰ
898 1171 927 1238 δ’
949 1172 1059 1247 αὐτοῖς
1082 1195 1122 1238 ex
1144 1173 1348 1257 praecedente

261 1282 357 1347 verbo
382 1281 579 1341 καθίσταιτο
604 1276 758 1362 ρεοδοοι;
783 1275 867 1342 idem
892 1279 975 1343 enim
1001 1280 1128 1343 verbum
1151 1278 1348 1361 insequenti

262 1381 465 1470 paragrapho
494 1388 662 1464 usurpatur
692 1399 793 1461 noque
824 1383 888 1445 uile
909 1402 1025 1447 caussa
1047 1391 1112 1460 est,
1137 1402 1190 1444 cur
1215 1381 1346 1444 romum

262 1479 345 1574 ἦσαν
380 1485 573 1566 cogitatione
612 1482 794 1547 addendum
830 1486 885 1565 sit,
922 1485 1096 1566 praesertim
1136 1505 1229 1567 quum
1266 1484 1346 1548 satis

262 1596 399 1665 constet,
421 1587 668 1668 breviloquentia
686 1586 822 1669 quadam
840 1587 986 1651 ”Graecos
1004 1595 1036 1650 et
1048 1589 1179 1651 Latinos
1194 1587 1234 1650 ad
1249 1587 1347 1650 verba

261 1692 410 1758 movendi
452 1710 686 1773 nonnumquam
723 1691 978 1774 praepositionem
1015 1711 1085 1754 cum
1119 1710 1194 1754 casu
1230 1689 1346 1772 quietis

261 1797 437 1882 adjungere
472 1794 590 1872 solere,
627 1800 660 1857 ut
694 1801 803 1868 motus
831 1801 926 1876 atque
950 1795 1133 1858 consecutio
1158 1803 1260 1858 motus
1285 1814 1348 1857 una

260 1899 438 1980 eademque
474 1895 690 1961 enuntiatione
724 1895 1028 1980 comprehendatur''
1064 1893 1147 1983 [Rau
1183 1917 1235 1979 pg.
1264 1893 1346 1981 tot)

262 2003 323 2066 Καὶ
358 2001 562 2084 ἀναχωροῦσι
593 1999 676 2081 πρὸς
698 1997 753 2071 τάς
768 2001 834 2062 δάω
857 2001 982 2074 τάξεις,1
999 1993 1036 2070 ἃς
1058 2001 1234 2063 κατέλιπον
1257 1999 1347 2082 παρὰ

259 2114 327 2177 τοῖς
355 2103 572 2186 σκευοφόροις
600 2103 640 2184 ΙΙ,
666 2102 715 2183 79,
739 2104 768 2166 5.
795 2103 866 2167 cfr.
892 2103 948 2180 ΙΙΙ,
973 2102 1023 2182 58,
1049 2104 1077 2164 4.
1124 2090 1269 2180 Φυγάδες
1291 2104 1348 2187 τῆς

262 2211 385 2273 ἑαυτῶν
417 2202 600 2288 άμιγότεροι
634 2205 723 2289 παρὰ
753 2208 949 2288 Φαρναβάζῳ
978 2207 1022 2286 uqi
1047 2203 1220 2287 Φαρνάκου
1243 2224 1348 2266 κατοι-

260 2313 389 2381 κοῦντες
422 2308 508 2389 VIII,
544 2310 572 2387 6,
613 2313 638 2376 Ι.
682 2307 797 2388 Ἤιεῐς
819 2307 854 2371 δὲ
876 2306 1024 2370 εὔτακτοι
1048 2306 1136 2387 παρὰ
1160 2315 1229 2378 ταῖς
1250 2305 1345 2370 ναυσὶ

223 2484 224 2488 ¹
258 2418 409 2493 μένοντες
442 2412 481 2482 ΙΙ,
512 2412 560 2475 89.
585 2413 613 2476 7.
659 2411 737 2488 (Hic
760 2413 864 2489 locus,
888 2412 940 2475 ubi
964 2409 1054 2492 κορά
1078 2430 1146 2473 cum
1172 2410 1281 2474 dativo
1306 2409 1346 2473 de

259 2514 354 2578 rebus
378 2513 528 2577 inanimis
552 2520 730 2631 usurpatur,
753 2515 892 2578 incertus
918 2524 976 2578 est.
1023 2514 1211 2579 Classenius
1236 2520 1347 2577 censet

260 2615 358 2680 verba
393 2614 482 2694 παρὰ
513 2623 582 2687 ταῖς
611 2615 707 2678 ναυσὶ
740 2620 889 2695 μένοντες
923 2616 1137 2701 conjecturam
1162 2618 1342 2699 speciosam

258 2717 385 2784 lectoris
421 2715 584 2801 cujusdam
608 2717 737 2783 Homeri
768 2719 901 2785 studiosi
925 2723 1046 2785 illatam
1071 2739 1153 2783 esse.
1199 2724 1344 2802 Kruege-

224 2882 230 2890 .
259 2841 312 2885 rus
348 2819 478 2884 verbum
513 2818 603 2903 παρά
636 2823 726 2887 uncis
761 2823 1004 2896 circumscribit,
1038 2823 1156 2906 quippe
1180 2823 1229 2886 cui
1254 2822 1346 2903 παρά

257 2925 359 2988 ”sinn
393 2921 458 2986 und
493 2924 766 3010 spi-achwidrig’ss
798 2936 830 2991 ut
819 2927 989 2992 t·verbis
981 2928 1084 3010 ipsius
1108 2936 1244 3010 utamur,
1270 2945 1345 2990 esse

259 3026 436 3111 videatur.)
493 3029 739 3112 Ιιαρατυχόντες
771 3028 806 3092 δὲ
840 3026 1026 3117 Ἀθηναίων
1059 3033 1212 3114 πρέσβεις
1236 3078 1241 3091 .
1262 3078 1268 3091 .
1290 3077 1296 3093 .
1316 3079 1344 3091 ..

258 3130 347 3213 παρά
380 3133 424 3212 aqi
456 3130 598 3218 Σιτάλκη
632 3132 673 3206 ΙΙ,
709 3133 759 3216 67,
795 3134 824 3196 2.
863 3127 968 3196 Ὥστε
991 3129 1065 3196 orire
1088 3130 1222 3204 τούτους
1245 3135 1344 3213 οἵπερ

257 3228 296 3298 δν
319 3233 506 3316 βοολεάοιὲν
528 3259 558 3296 τι
582 3234 725 3321 χρηστὸν
748 3235 837 3316 παρά
861 3236 958 3318 σφίσι
988 3236 1116 3316 χείρους
1143 3229 1226 3298 εἶναι
1254 3236 1344 3310 VIII,

260 3339 308 3420 76,
343 3341 372 3402 6.
408 3336 475 3419 (qui
510 3337 597 3423 apud
631 3360 666 3404 se
701 3339 829 3422 aliquod
864 3339 991 3406 salubre
1026 3337 1194 3403 consilium
1218 3336 1343 3405 darent.

256 3442 359 3505 Locus
384 3447 546 3525 corruptus
571 3461 644 3507 esse
668 3441 816 3528 videtur.)

343 3543 413 3607 Huc
446 3543 646 3608 referendum
678 3553 730 3610 est
763 3545 853 3626 παρά
886 3566 926 3609 ex
961 3539 1056 3609 verbo
1090 3545 1259 3623 γίγνεσθαι
1291 3564 1342 3608 sn-

257 3665 424 3732 spensum,
448 3646 531 3729 quod
556 3667 625 3710 eum
651 3647 758 3713 dativo
782 3650 827 3714 rei
852 3648 899 3713 bis
921 3647 1007 3732 apud
1026 3646 1250 3731 Thucydidem
1267 3667 1341 3712 con·

250 3750 410 3835 juugitur·;
444 3749 524 3814 alter·
558 3750 644 3815 Iocus
669 3758 732 3816 est:
760 3751 820 3814 Καὶ
844 3755 1001 3833 γενομένῳ
1037 3746 1115 3833 παρ’
1144 3747 1344 3832 άμφοι·ε’ροις

254 3863 322 3925 τοῖς
334 3852 501 3936 πράγμασι
516 3853 586 3935 (ie.
599 3862 665 3925 τοῖς
676 3850 875 3935 άμφοτὲροις
890 3863 958 3926 τοῖς
975 3854 1146 3933 πράγματα
1161 3850 1343 3940 [πολιτείαν

254 3955 308 4021 καὶ
341 3953 456 4045 ἀρχήν]
491 3957 621 4044 ἔχουσι)
648 3957 684 4034 V,
714 3964 764 4033 26,
788 3960 826 4032 5.,
851 3956 965 4042 ουοίο
991 3959 1141 4042 enemplo¹
1160 3959 1246 4022 notio
1270 3979 1341 4042 per·

255 4080 403 4125 sonarum
438 4060 606 4145 perspicua
641 4068 703 4136 est,
738 4082 927 4145 quamquam
957 4081 1026 4126 eum
1051 4061 1158 4125 dativo
1182 4063 1226 4126 rei
1251 4064 1342 4146 παρά

253 4161 403 4246 conjungi
438 4163 577 4238 videtum
612 4165 692 4228 alter
725 4174 790 4229 est:
826 4162 916 4237 ὅπως
943 4163 1058 4251 ἐπειδὴ
1083 4169 1226 4244 γένοιντο
1249 4165 1340 4253 παρὰ
