3210 5108
1013 366 1032 428 6

482 524 589 582 tamen
625 521 722 584 ctiam
757 521 927 584 καταλύειν
962 519 1052 602 παρά
1084 543 1147 583 τινι
1185 517 1319 606 [deverti
1355 519 1440 602 apud
1476 519 1571 600 alqm.

482 622 550 687 Liv.
570 631 619 693 ct
644 621 761 711 Plauti
790 623 862 707 Pp.)
909 623 954 686 Τὸ
984 624 1018 687 δὲ
1047 623 1195 710 κη’ρογμα
1219 622 1431 707 ποιήσασθαι
1454 622 1572 685 τούτου

481 723 575 788 ἕνεκα
608 736 676 799 τοῖς
709 722 788 808 παρ’
822 724 1019 813 Ἀθηναίους
1053 725 1339 808 καταπεφειηόσιν
1368 726 1421 806 IV,
1450 728 1519 803 114,
1543 726 1573 788 4.

485 825 568 898 Τούς
601 824 827 912 τ’έπικούρονς
860 829 935 902 τούς
968 829 1045 913 περὶ
1078 829 1136 893 τὸν
1169 826 1332 912 Ἀμάργην
1366 828 1457 910 παρὰ
1486 829 1573 910 σφᾶς

481 924 600 1002 αύτούς
638 934 830 1012 κομίσαντες
869 932 922 996 καὶ
963 928 1022 997 ούκ
1056 929 1266 1018 ἀδικήσαντες
1300 934 1488 1007 ξονέταξαν,
1522 925 1573 994 ὅτι

481 1020 566 1116 ἦσαν
600 1034 636 1096 οἱ
668 1036 818 1099 πλεῖστοι
847 1035 883 1098 ἐκ
907 1036 1165 1122 Πελοποννήσου
1186 1034 1271 1117 VIII,
1297 1035 1347 1117 28,
1373 1035 1403 1099 4.
1449 1036 1574 1116 (Οἴπερ

482 1132 536 1197 καὶ
557 1141 801 1224 μετανέστησαν
824 1139 913 1221 παρὰ
937 1138 1126 1202 Σαλύνθιον
1149 1137 1203 1201 καὶ
1227 1135 1395 1219 ’Λργαίοος
1419 1138 1475 1212 ΙΙΙ,
1503 1137 1573 1218 114,

483 1238 512 1302 2.
557 1239 617 1304 Vel
652 1241 765 1306 melius
795 1243 948 1317 fortasse,
976 1249 1008 1306 ut
1032 1241 1234 1306 scribendum
1259 1247 1393 1305 censent
1416 1239 1575 1304 nonnuIIi:

483 1340 572 1424 παρὰ
606 1343 813 1422 Σαλονθίον,
838 1345 944 1410 verbis
968 1342 1021 1407 καὶ
1044 1340 1213 1426 ’Δργαύοος
1236 1345 1374 1409 οιοὶοεὶτ.
1397 1342 1468 1407 Vid.
1493 1343 1576 1407 Infra

483 1463 557 1526 pag.
575 1444 640 1522 21).
688 1447 728 1511 Εἰ
743 1446 792 1533 μη’
809 1470 857 1520 τις
876 1450 984 1510 πείσει
998 1447 1132 1530 βασιλέα
1155 1450 1352 1533 μεταστῆναι
1376 1444 1465 1528 παρὰ
1489 1447 1576 1526 σφᾶς

483 1543 568 1624 VIII,
606 1550 657 1630 53,
691 1551 719 1614 3.
761 1550 823 1617 cfr.
853 1552 878 1627 I,
910 1551 980 1634 107,
1010 1552 1039 1616 4.
1086 1549 1212 1636 Ξονέβη
1237 1571 1271 1612 τε
1290 1545 1377 1632 αύτηό
1399 1547 1578 1610 καλεῖσθαί

482 1669 516 1710 τε
551 1644 616 1729 ἅμα
646 1637 700 1716 λαὶ
729 1653 805 1726 τούς
833 1655 1019 1736 ξομμάχονς
1042 1648 1084 1737 τήν
1108 1653 1233 1716 ἐκείνου
1254 1654 1349 1732 ἔχθει
1373 1646 1452 1735 παρ’
1475 1646 1577 1735 Ἀθη-

482 1755 593 1827 ναίους
615 1756 856 1833 μετατάξεσθαι
874 1758 898 1841 Ι,
918 1759 969 1824 95.
989 1760 1017 1822 8.
1043 1758 1234 1820 Ποτιδαῖται
1253 1756 1288 1819 δὲ
1306 1760 1500 1841 πέμψαντες
1515 1753 1576 1835 μὲν

483 1855 537 1921 καὶ
555 1855 635 1941 παρ’
647 1855 846 1946 Ἀθηναίους
859 1865 1012 1945 πρέσβεις
1024 1861 1048 1942 I,
1069 1862 1119 1942 58,
1143 1863 1167 1923 1.
1192 1860 1254 1925 cfr.
1278 1860 1302 1941 Ι,
1331 1861 1400 1938 135,
1427 1864 1455 1924 1.
1479 1858 1520 1939 ΙΙ,
1546 1859 1576 1936 1,

485 1964 511 2026 1..
537 1964 587 2037 81,
616 1969 643 2028 1.
671 1963 725 2039 IV,
757 1963 808 2047 98,
841 1970 867 2028 l.
898 1965 924 2029 V
959 1967 988 2048 8,
1013 1967 1042 2054 2.
1064 1966 1115 2042 80,
1140 1966 1168 2029 3.
1194 1964 1250 2042 VI,
1276 1965 1304 2035 I,
1327 1965 1358 2026 4.
1381 1961 1468 2037 VIII,
1493 1963 1522 2038 9,
1547 1961 1576 2024 7.
1602 1968 1604 1971 ’

484 2064 615 2152 Κηρνκα
650 2066 843 2152 ἐξέπεμψαν
877 2069 967 2154 παρὰ
1001 2069 1076 2140 τούς
1114 2069 1282 2153 Θηβαίους
1310 2066 1351 2143 ΙΙ,
1384 2068 1415 2142 ὁ,
1440 2067 1469 2130 3.
1515 2061 1577 2126 Καὶ

483 2173 748 2254 προπέμψαντος
771 2167 872 2234 αὐτοῦ
896 2170 1030 2251 άγγελον
1052 2170 1084 2243 ἐς
1110 2155 1285 2255 Φάρσαλον
1308 2167 1398 2253 παρὰ
1416 2168 1490 2240 τούς
1506 2166 1577 2230 ἐπι-

482 2275 631 2357 τηδείους
665 2274 717 2354 IV,
756 2275 803 2354 18,
844 2279 868 2339 1.
911 2273 972 2346 Ὣς
1006 2272 1153 2360 ᾔσθοντο
1188 2272 1263 2346 τούς
1296 2272 1332 2335 ἐκ
1365 2275 1422 2359 τῆς
1450 2271 1578 2343 πόλεως

484 2379 688 2460 πανστρατιᾷ
709 2378 743 2439 έν
768 2379 935 2462 Μεγάροις
962 2376 1072 2455 ὄντας,
1096 2375 1259 2440 ἔπλευσαν·
1282 2371 1361 2458 παρ’
1384 2369 1501 2444 αύτούς
1524 2370 1577 2435 καὶ

483 2481 730 2564 ξονεμίχθησαν
763 2482 802 2563 ΙΙ,
840 2484 888 2562 Ξ11,
929 2486 955 2546 1.
1001 2479 1061 2544 Καὶ
1096 2479 1231 2565 (ᾤοντο)
1266 2477 1355 2562 παρὰ
1384 2480 1470 2559 σφᾶς
1498 2470 1578 2539 ὅσον

484 2577 543 2644 οὐκ
578 2581 713 2646 ἐσπλεῖν
748 2579 866 2655 αύτούς
894 2585 940 2668 (in
966 2585 1078 2649 malam
1103 2590 1224 2668 partem
1251 2579 1522 2662 dietum)11‚94,
1552 2583 1576 2643 1.

487 2683 546 2757 Καὶ
570 2685 684 2749 λαθών
707 2686 883 2769 ἐπορεύετο
906 2688 937 2761 ές
961 2688 1125 2752 Φιλοῦνια
1150 2688 1238 2770 παρὰ
1263 2685 1337 2758 τούς
1360 2685 1477 2755 ἄλλους
1501 2688 1578 2763 ξομ·

482 2788 607 2868 μάχονς
634 2789 670 2871 V,
702 2790 752 2867 58,
777 2791 805 2855 2.
851 2790 892 2856 Εἰ
914 2794 949 2855 δέ
975 2816 1002 2854 τι
1025 2790 1197 2875 βούλονται
1221 2787 1477 2868 Λακεδαιμόνιοι
1505 2779 1523 2871 V
1546 2788 1581 2849 οἱ

484 2891 647 2972 ξύμμαχοι
677 2894 923 2977 πρεσβεύεσθαι
952 2894 1040 2978 παρὰ
1072 2895 1158 2976 σφᾶς
1182 2891 1377 2974 (Kruegero,
1403 2893 1454 2975 qui
1480 2891 1579 2955 verba

484 2995 730 3079 πρεσβεύεσθαι
766 2997 855 3081 παρὰ
890 3001 976 3081 σφᾶς
1006 2996 1096 3061 uncis
1120 2995 1386 3077 circumscripsit,
1413 2996 1464 3059 hic
1487 2997 1578 3060 Iocus

484 3104 651 3182 corruptus
683 3120 756 3165 csse
787 3109 888 3183 recte,
917 3108 949 3165 ut
973 3101 1103 3185 opinor,
1128 3097 1268 3174 videtur)
1292 3098 1316 3178 Ι,
1340 3099 1391 3176 91,
1417 3100 1445 3162 3.
1491 3099 1578 3162 Alte-

486 3220 553 3264 rum
588 3204 782 3288 exemplum,
811 3204 864 3268 uhi
892 3203 983 3286 παρά
1007 3223 1077 3268 curn
1103 3201 1288 3266 accusativo
1312 3201 1514 3287 conjunctum
1538 3221 1579 3265 cx

485 3303 597 3369 codem
622 3307 720 3370 verbo
745 3316 795 3372 est
818 3327 1028 3391 suspensum:
1052 3303 1162 3383 Ἀλλά,
1185 3307 1303 3389 καίπερ
1328 3300 1368 3366 ού
1384 3303 1578 3387 βουλόμενοι

485 3406 615 3491 ἔνδηλοι
650 3401 733 3473 εἶναι
767 3419 836 3481 τοῖς
863 3407 1071 3495 Ἀθηναίοις,
1095 3407 1334 3491 ἐπρεσβεύσαντο
1358 3405 1438 3492 παρ’
1460 3404 1580 3480 αύτούς

485 3508 538 3573 καὶ
575 3508 753 3591 ἐπειρῶντο
788 3513 848 3599 την
875 3535 910 3575 τε
934 3512 1047 3576 Πύλον
1068 3510 1121 3576 καὶ
1144 3509 1219 3582 τούς
1242 3509 1359 3594 ἄνδρας
1382 3514 1578 3591 κομίζεσθαι

485 3613 539 3696 IV,
575 3615 627 3696 41,
661 3615 690 3680 3.
733 3616 776 3682 Of
791 3667 795 3678 .
831 3617 915 3698 VIII,
954 3618 1002 3697 71,
1034 3619 1063 3681 4.
1110 3613 1171 3678 Καὶ
1195 3614 1350 3678 ἐντεῦθεν
1373 3613 1523 3688 ἐτόξευόν
1543 3639 1579 3678 τε

486 3716 540 3781 καὶ
568 3713 737 3804 η’κόντίζον
760 3719 792 3783 εἴ
813 3743 861 3792 τις
884 3721 1110 3804 παραβοηθῶν
1133 3717 1222 3801 παρὰ
1246 3716 1282 3779 τὸ
1306 3724 1413 3795 τεῖχος
1435 3718 1580 3803 κωλοτης

486 3822 627 3900 γίγνοιτο
661 3824 717 3907 τῆς
750 3823 929 3906 διαβάσεως
963 3824 1168 3904 (εάνοοηεολ
1201 3840 1241 3885 au
1277 3840 1407 3885 secours
1442 3843 1515 3886 cerr
1548 3823 1579 3886 Ic

487 3945 565 3989 mur.
590 3923 717 4010 Dicor.)
742 3927 799 4003 III,
823 3927 872 4007 23,
898 3927 927 3990 1-1.
976 3927 1020 3988 Οἱ
1033 3923 1068 3987 δὲ
1092 3923 1190 4010 ιαύτη
1214 3920 1458 4008 οἷποκληόμενοι
1482 3925 1579 3986 τοῦτο

486 4027 546 4107 μὲν
579 4028 737 4108 ἐπέσχον,
771 4027 942 4106 ὑπόνομον
976 4022 1042 4089 λ”έκ
1078 4029 1134 4111 της
1168 4026 1296 4097 πόλεως
1331 4021 1501 4107 ὀρύξαντες
1526 4024 1579 4088 καὶ

486 4131 781 4217 ξοντεκμηράμενοι
804 4126 874 4201 ὑπὸ
898 4128 934 4199 τὸ
960 4133 1052 4215 χῶμα
1075 4128 1233 4212 ὑφελλκον
1256 4119 1356 4200 αὖθις
1379 4128 1469 4217 παρὰ
1493 4131 1581 4217 σφᾶς
