3210 5108
780 378 822 441 20

259 534 424 614 ἐντυχόντι
449 553 519 599 oum
548 535 647 614 καιρῷ
671 533 818 619 conjungi
844 553 905 610 nou
927 534 1007 604 vult,
1032 533 1116 615 quod
1139 535 1249 617 καιρός
1273 539 1345 602 iuu-

261 639 378 706 nimum
413 636 572 722 quoddam
607 636 779 718 significan
816 637 855 699 iis
888 644 995 698 tamen
1032 637 1132 718 magis
1168 641 1343 714 assentior,

259 742 373 825 quibus
408 740 586 826 eonjunutio
621 739 730 803 hurum
766 738 932 802 verborum
968 740 1073 822 planet
1107 747 1139 804 et
1172 743 1283 823 καιρός
1310 755 1346 809 ut

260 863 399 929 persona
423 844 594 925 uogitatur,
618 843 748 925 ’‘prout'’‚
773 849 806 905 ut
829 841 874 905 ait
899 840 1015 923 Bothe,
1044 842 1204 926 ”quodque
1218 854 1344 931 tempus

260 947 353 1013 affert
375 944 640 1030 opportunitatem
665 942 708 1031 [et
731 944 859 1009 dicendi
884 954 915 1008 et
938 943 1055 1024 agendi
1079 945 1096 1008 i.
1115 945 1155 1034 e]
1176 949 1225 1011 vel
1239 951 1344 1016 verbis

260 1051 310 1114 vel
333 1049 425 1114 saetis
449 1047 631 1122 celebrandi
656 1067 765 1112 eorum
789 1048 964 1130 glorium.”)

346 1151 382 1237 b)
406 1152 553 1216 Loealem
579 1149 843 1232 significationem
868 1149 1097 1233 quodammodo
1115 1152 1264 1233 retinens,
1286 1154 1344 1218 sed

260 1255 305 1318 itu
327 1261 361 1318 ut
383 1256 414 1318 in
439 1273 567 1319 sensum
592 1256 779 1320 translatum
797 1253 907 1333 abeat,
931 1253 1021 1334 παρα
1045 1272 1113 1316 oum
1138 1253 1247 1317 dativo
1271 1276 1345 1320 eun·

255 1358 399 1442 junotunn
435 1377 475 1420 ex
509 1356 605 1421 verbo
633 1349 715 1419 εἶναι
740 1375 930 1440 suspensum
946 1364 1117 1438 usurpatur
1141 1354 1344 1439 significans,

261 1460 378 1543 aliquid
412 1483 506 1542 penae
541 1461 677 1544 aliquem
712 1462 762 1524 vel
795 1459 825 1523 in
851 1459 988 1544 ⁴alicujus
1013 1465 1171 1543 potestate
1193 1478 1265 1524 esse
1290 1482 1344 1527 oo·

260 1565 364 1646 gItari.
411 1564 469 1628 Ex.
506 1564 551 1626 Οἱ
576 1563 610 1626 δὲ
639 1560 796 1648 ’Λχαρνῆς
819 1562 963 1644 οἰόμενοι
985 1561 1074 1642 παρὰ
1096 1564 1214 1642 σφίσιν
1236 1560 1345 1636 αὐτοῖς

260 1661 318 1728 οὐκ
351 1665 523 1752 ἐλαχίστην
554 1675 672 1749 μοῖραν
704 1660 786 1730 εἶναι
808 1663 995 1750 Ἀθηναίων
1017 1667 1056 1742 11,
1082 1667 1131 1747 21,
1156 1669 1183 1730 3.
1219 1666 1281 1732 Otr.
1303 1667 1345 1742 ΙΙ,

262 1768 578 1851 Μᾶψπᾶ

344 1873 586 1956 Nonnumquam
617 1872 743 1936 verbum
769 1872 918 1936 omissum
944 1880 1008 1936 est:
1054 1871 1218 1935 Ναυτικόν
1240 1895 1273 1935 τι
1298 1896 1347 1936 κι-

260 1975 424 2060 κτημεθα,
448 1976 535 2061 πλην
556 1977 615 2040 τοῦ
648 1974 727 2057 παρ)
753 1973 847 2056 ὑμῖν,
873 1974 1027 2038 πλεῖστοι·
1048 1977 1073 2056 l,
1099 1977 1147 2055 333
1174 1982 1200 2039 1.
1236 1977 1297 2041 ufr.
1321 1978 1345 2059 I,

259 2079 309 2160 36,
333 2079 363 2144 4.
399 2080 485 2164 vul,
509 2081 557 2164 73,
583 2082 611 2145 2.

347 2183 380 2267 o)
403 2183 590 2267 Praepositio
625 2182 714 2266 καροῖ
745 2202 814 2246 oum
856 2181 963 2246 dativo
999 2182 1183 2265 conjuncta,
1219 2183 1347 2248 notione

261 2283 301 2349 ad
337 2286 474 2349 animum
515 2289 670 2352 translata
700 2285 902 2368 signIfiuanS‚
938 2283 1023 2368 apud
1056 2305 1147 2366 quem
1183 2287 1253 2369 quie
1292 2307 1347 2349 au·

264 2390 439 2452 ctoritatem
454 2388 578 2463 habeat,
603 2389 782 2453 extalibus
806 2386 911 2451 verbis
936 2396 967 2452 et
990 2389 1195 2452 locutionibus
1220 2388 1346 2472 pendet,

265 2491 371 2573 qualia
389 2500 462 2555 sunt
484 2492 667 2574 δύνασθαι,
689 2492 740 2554 vel
763 2511 820 2573 per
839 2510 873 2553 se
887 2493 1023 2573 positum
1036 2492 1085 2554 vel
1094 2490 1250 2554 adverbio
1267 2496 1349 2569 μέγα

265 2593 424 2678 appositu,
456 2592 596 2673 ἰσχύειν,
624 2598 725 2673 μέγαν
748 2595 930 2671 γίγνεσθαι.
975 2593 1032 2656 Ex.
1056 2592 1117 2655 Καὶ
1139 2592 1213 2665 τούς
1235 2599 1349 2676 Κοριν-

263 2699 359 2768 θίους
389 2698 584 2775 δυναμένους
610 2690 689 2781 παρ’
711 2690 821 2767 αὐτοῖς
851 2693 946 2759 ὄντας
967 2698 990 2769 Ι,
1015 2698 1064 2771 33,
1089 2698 1116 2759 3.
1164 2697 1350 2775 Αυνάμινου

263 2793 342 2884 παρ’
374 2794 461 2880 αὐτῷ
493 2802 574 2878 μέγα
607 2799 648 2878 Il,
681 2797 731 2874 29,
757 2804 784 2862 1.
817 2799 879 2864 Cfr.
904 2799 956 2882 vl,
981 2802 1021 2864 59
1056 2803 1082 2864 3.
1129 2795 1264 2883 Ἐπειδὴ
1290 2799 1348 2884 γὰρ

266 2901 411 2989 ᾔσθοντο
435 2896 535 2967 αὐτὸν
559 2900 712 2980 ἰσχύοντα
736 2899 814 2986 παρ’
836 2901 921 2984 annu]
944 2906 977 2964 οἱ
999 2903 1032 2964 ἐν
1055 2905 1094 2986 τῇ
1116 2901 1216 2986 Eupo]
1234 2899 1351 2988 (Ἀθη-

263 3007 363 3068 ναίων
398 3007 604 3087 στρατιῶται)
637 3005 723 3083 VIII,
748 3007 797 3087 II,
824 3007 850 3070 9.
896 3002 1111 3089 Ἀφικόμενος
1134 3004 1168 3069 δὲ
1190 3004 1270 3084 μετὰ
1292 3006 1350 3068 τὸν

262 3101 409 3178 ἐνιαυτὸν
437 3109 576 3188 γίγνεται
613 3103 691 3192 παρ’
714 3104 800 3190 αὕτη]
822 3114 920 3188 μέγας
942 3108 1056 3194 (μέγας
1078 3128 1136 3192 pro
1159 3111 1240 3187 μέγα
1256 3108 1349 3170 δυνά-

258 3210 368 3293 μενος)
391 3209 444 3274 καὶ
469 3203 546 3283 ὅσος
568 3206 674 3282 ου’δείς
696 3235 748 3273 τιατ
773 3207 938 3298 Ἑλλήνων
960 3213 984 3292 Ι,
1013 3211 1081 3293 138,
1107 3212 1135 3275 2.

341 3313 506 3400 Ejusmodi
531 3312 765 3398 significatione
783 3313 813 3380 h.
831 3315 850 3380 I.
869 3315 958 3400 παρά
970 3320 1155 3398 usurpatur:
1171 3311 1231 3376 Καὶ
1244 3311 1343 3398 ὑπερ·

264 3417 391 3502 βάλλων
414 3417 586 3498 ἐμεγάλυνε
608 3418 667 3506 την
682 3422 800 3483 ἑαυτοῦ
821 3419 961 3500 δύναμιν
984 3417 1072 3504 παρὰ
1097 3421 1140 3501 τῷ
1167 3422 1350 3502 Τισσαφέρ-

257 3543 305 3585 νει
327 3521 414 3596 VIII,
440 3523 489 3602 81,
516 3523 544 3586 2.

346 3624 506 3689 Praeterea
541 3626 631 3709 παρά
665 3648 734 3690 eum
770 3628 878 3692 datiuo
913 3627 1110 3710 conjunctum
1137 3627 1176 3689 nd
1208 3627 1347 3708 aquuam

256 3749 338 3804 rem,
371 3749 441 3811 quaa
478 3727 518 3791 ad
555 3730 691 3794 animum
727 3739 865 3815 spectat,
901 3729 1146 3812 significandam
1176 3737 1347 3812 usurpatur

260 3832 322 3897 hou
363 3833 394 3897 in
423 3833 579 3916 exemplo:
614 3829 711 3896 ’atto
739 3832 792 3897 καὶ
823 3833 858 3896 ἐν
879 3836 919 3919 τῇ
941 3832 986 3917 μὴ
1011 3830 1226 3916 προσηκούσῃ
1250 3828 1346 3913 ἄγρα-

259 3957 322 4016 φος
354 3933 467 4021 μνήμη
502 3930 580 4013 παρ’
610 3936 733 4017 ἑκάστη
759 3939 813 4021 τῆς
836 3935 962 4022 γνώμης
983 3935 1106 4013 μᾶλλον
1129 3926 1150 4021 ἢ
1173 3936 1230 3996 του
1253 3933 1350 4012 ἔργον

254 4036 448 4099 ἐνδιαιτᾶται
481 4037 521 4118 11,
557 4039 607 4105 tu.
644 4040 673 4102 2.
720 4040 884 4114 (Memoria
920 4039 1014 4102 nullis
1044 4036 1195 4102 mandata
1220 4037 1347 4122 seriptis

253 4140 500 4224 uniuscujusque
534 4143 641 4223 potius
675 4143 771 4205 animi
804 4141 906 4230 [fortis
930 4140 1065 4228 illorum]
1090 4162 1182 4224 quam
1208 4143 1283 4204 fanti
1309 4140 1340 4226 [i.

254 4263 280 4306 e.
304 4262 436 4333 pugnae,
461 4245 492 4307 in
517 4263 581 4326 qua
604 4245 779 4329 perierunt]
799 4251 986 4333 perpetuum
1001 4252 1108 4308 manet
1133 4244 1195 4312 ou.
1210 4243 1348 4336 Krueg.)
