3210 5108
1038 404 1056 465 8

494 552 590 616 verba
618 553 888 636 significantibus
915 579 983 640 ηοω
1001 579 1099 642 supra
1131 561 1397 624 enumeravimus.
1447 558 1506 622 Ex.
1527 561 1589 620 Και

492 650 552 717 οόκ
575 652 734 738 ἀσφαλεῖς
757 656 835 742 παρ’
857 656 1017 746 ἀλλήλους
1040 661 1183 744 ἐφόδους
1201 663 1226 745 Ι,
1249 665 1277 746 6,
1304 665 1329 726 Ι.
1355 663 1418 728 cfr.
1435 663 1472 741 V,
1490 663 1541 738 35,
1558 663 1588 722 6.

492 757 553 822 Καὶ
589 760 676 844 παρὰ
713 762 819 843 φίλων
853 761 941 835 τινας
974 758 996 851 η’
1022 764 1159 849 ,οἰκείων
1193 765 1367 851 καταφυγή
1399 768 1441 839 ΙΙ,
1477 767 1527 845 17,
1562 769 1586 828 1.

491 857 680 941 Ἐπιμιξίας
703 863 804 951 οόσης
831 862 911 947 παρ’
936 861 1096 953 ἀλλήλους
1122 869 1160 944 V,
1188 871 1236 951 78,
1267 875 1291 932 1.
1334 869 1411 947 (uir.
1438 868 1588 952 exempla

492 984 589 1048 supra
614 977 800 1035 enumerata
823 971 847 1052 Ι,
876 973 923 1052 13,
949 973 976 1035 3.
1015 972 1054 1050 ΙΙ,
1080 977 1107 1055 1,
1138 976 1179 1055 l.)

577 1070 612 1154 b)
637 1090 676 1134 ex
701 1074 806 1137 verbis
831 1075 979 1138 movendi
1005 1095 1197 1160 suspensum
1223 1084 1395 1160 usurpatur
1425 1072 1516 1158 παρά
1542 1073 1584 1138 ad

491 1173 743 1256 designandum,
772 1178 905 1240 alteram
937 1197 1001 1242 reru
1027 1184 1142 1264 χίιαιο,
1167 1183 1336 1242 ειτιιαδιιυι
1362 1180 1494 1242 aiteram
1520 1174 1593 1241 mo?

491 1279 574 1361 veri,
603 1279 654 1342 vel
683 1279 772 1364 cujus
797 1282 959 1345 vicinitate
985 1281 1060 1364 quid
1085 1281 1250 1365 dirigatur.
1295 1282 1345 1346 Ad
1374 1300 1466 1364 quern
1492 1299 1582 1344 usum

490 1381 529 1446 ab
565 1401 603 1445 eo
640 1381 680 1446 de
714 1402 775 1465 quo
801 1403 899 1467 supra
922 1384 1158 1468 disputavimus
1182 1384 1337 1449 transitus
1360 1381 1395 1445 fit
1419 1383 1516 1447 verbo
1539 1382 1586 1445 τί·

489 1487 627 1548 θεσθαι.
672 1485 731 1548 Ex.
769 1484 830 1549 Καὶ
863 1482 998 1550 α’νεῖπεν
1027 1485 1045 1551 ὁ
1070 1489 1184 1576 κῆρυξ,
1208 1487 1308 1560 εἴτις
1331 1484 1480 1570 βοόλεται
1504 1483 1584 1549 κατὰ

487 1586 526 1650 τὰ
551 1587 673 1669 πάτρια
697 1591 760 1650 των
783 1589 915 1653 πάντων
941 1594 1095 1655 Βοιωτῶν
1118 1597 1309 1670 ξυμμαχεῖν,
1329 1592 1491 1653 τίθεσθαι
1503 1583 1582 1672 παρ’

488 1689 606 1762 αὑτοδς
639 1691 677 1754 τὰ
712 1684 799 1755 ὅπλα
834 1694 931 1776 (quod
963 1696 1147 1777 significare
1183 1703 1289 1778 potest
1317 1714 1406 1758 arma
1429 1699 1461 1757 et
1484 1695 1526 1755 αδ
1550 1698 1582 1756 et

481 1799 579 1881 juata
615 1798 757 1881 ipsurnnr
787 1818 876 1861 arma
900 1819 1018 1882 ponere
1043 1802 1061 1865 i.
1086 1824 1113 1866 a.
1140 1820 1226 1864 arma
1251 1797 1461 1882 conjungere)
1486 1797 1526 1880 ΙΙ,
1552 1798 1580 1881 2,

487 1903 516 1964 4.
564 1900 638 1964 Haen
673 1909 747 1965 sunt
783 1903 893 1984 verba,
930 1903 1118 1985 quibuscum
1141 1904 1194 1966 illa
1232 1901 1469 1985 significatione
1493 1898 1584 1982 παρά

487 2026 557 2070 curn
593 2005 778 2069 accusativa
813 2006 1034 2091 conjungitur:
1068 2003 1276 2082 ἀνατιθέναι,
1311 2002 1409 2080 ἰέναι,
1445 2003 1579 2079 ἐξιέναι,

487 2106 701 2189 καθιστάναι,
738 2111 951 2186 κατατείνειν,
987 2112 1200 2189 κομίζεσθαι,
1236 2109 1481 2189 παρέρχεσθαι,
1517 2127 1579 2189 πη-

488 2211 615 2290 χνόναι,
640 2210 750 2285 πλεῖν,
775 2211 978 2295 παραπλεῖν,
1005 2211 1148 2287 τάσσειν,
1172 2210 1366 2274 τάσσεσθαι.

571 2314 629 2378 Ex.
656 2312 715 2376 Καὶ
739 2307 841 2399 ἥνπερ
865 2314 981 2395 ἔλαβον
1004 2316 1082 2376 ναῦν
1106 2310 1268 2376 άνέθεσαν
1291 2311 1347 2376 ἐπὶ
1371 2312 1407 2374 νδ
1429 2311 1520 2375 Ῥίον
1538 2312 1575 2373 τὸ

487 2414 641 2496 Ἀχαϊκὸν
664 2415 753 2496 παρὰ
779 2416 815 2477 sd
839 2425 999 2498 τροπαῖον
1022 2426 1150 2487 (navem
1170 2418 1264 2501 juxta
1291 2424 1440 2499 tropaeurn
1465 2435 1580 2479 conse-

489 2520 631 2598 crarunt)
652 2518 691 2601 ΙΙ,
717 2521 767 2604 bn,
790 2522 818 2582 b.
837 2512 969 2597 Ὅπως,
992 2518 1106 2611 ἐπειδὴ
1132 2524 1274 2598 γένοιντο
1296 2516 1353 2582 ἐπὶ
1381 2521 1424 2600 τά)
1447 2520 1583 2599 ποταμῷ

486 2626 531 2705 τά
551 2621 754 2702 Κακοπάρει,
779 2621 869 2703 παρὰ
891 2619 948 2684 τὸν
971 2619 1120 2701 ποταμὸν
1143 2621 1225 2685 ἴοιεν
1247 2619 1312 2684 άνω
1335 2619 1389 2684 διὰ
1410 2621 1580 2702 μεσογείας

487 2726 556 2802 vll,
592 2726 642 2803 80,
676 2727 704 2787 θ.
747 2721 872 2798 Ἕξεισι
902 2723 938 2788 δὲ
961 2720 1039 2808 παρ’
1062 2721 1164 2812 αότην
1189 2722 1359 2809 (Epidauri
1384 2719 1577 2804 Ἀχερουσία

486 2828 583 2915 λίμνη
605 2828 636 2900 ἐς
655 2827 829 2891 θάλασσαν
853 2830 876 2910 Ι,
902 2829 952 2905 46,
978 2829 1006 2892 3.
1052 2828 1250 2901 (Βολονίονεε
1274 2828 1345 2893 libri
1370 2846 1445 2891 mnu.
1472 2824 1577 2909 ἐξίησι

488 2930 558 3020 [pru
592 2927 721 3017 ἔξεισιλ,
757 2929 840 3014 quud
870 2931 963 2995 facile
992 2932 1129 3013 placeat.
1165 2931 1229 2996 Gfr.
1252 2931 1306 2995 IV.
1335 2931 1404 2995 103.
1438 2930 1479 3009 ΙΙ,
1508 2929 1576 2994 102.

486 3034 556 3112 Quo
588 3034 692 3098 minus
727 3041 834 3098 tamen
870 3034 1099 3116 reciperemus,
1125 3035 1287 3099 meliorum
1313 3035 1460 3099 librorum
1486 3052 1574 3098 vere·

485 3136 603 3203 nundin
638 3136 787 3221 prohibiti
827 3155 945 3202 sumus.
982 3136 1058 3221 Pp.)
1100 3137 1164 3202 Ofr.
1198 3137 1238 3221 ΙΙ,
1272 3137 1343 3211 102.
1379 3137 1407 3199 2.
1450 3130 1579 3197 Ἕπειτ)

485 3238 548 3327 ἤδη
573 3238 832 3320 Λακεδαιμόνιοι
855 3237 948 3303 αὐτοὶ
972 3242 1045 3325 ἑξης
1067 3241 1272 3304 καθίστασαν
1294 3237 1369 3311 τοδς
1390 3237 1508 3316 λόχους
1524 3238 1577 3302 καὶ

486 3340 565 3427 παρ’
597 3339 716 3415 αάτοδς
750 3344 980 3423 (καθίστασαν)
1015 3337 1180 3426 Ἀρκάδων
1210 3341 1350 3428 Ἤραιης
1382 3342 1419 3426 V,
1455 3343 1505 3426 67,
1546 3345 1574 3408 2.

487 3445 548 3511 Καὶ
583 3445 624 3519 ὡς
657 3447 802 3526 ἔγνωσαν
833 3444 1110 3531 ναυμαχήσοντες,
1145 3449 1337 3526 παρέτειναν
1364 3443 1401 3507 τὸ
1425 3449 1518 3528 κέρας
1542 3447 1577 3508 οἱ

484 3549 545 3630 μὲν
567 3544 746 3635 Ἀθηναῖοι
770 3548 859 3633 παρὰ
882 3548 941 3635 την
964 3548 1177 3633 Χερσόνησον
1193 3548 1278 3633 VIII,
1299 3550 1367 3628 104,
1387 3555 1415 3613 1.
1439 3545 1575 3638 Ἐπειδὴ

484 3656 596 3732 μέντοι
619 3647 942 3733 άντιπαραπλέοντάς
964 3673 999 3716 τε
1020 3650 1130 3736 ἑώρων
1152 3645 1270 3721 αότοδς
1292 3651 1381 3731 παρὰ
1405 3652 1463 3737 γῆν
1480 3645 1577 3733 σφων

484 3756 705 3835 κομιζομένων·
738 3754 895 3839 (pendant
923 3758 1036 3838 qu’aux
1064 3755 1185 3819 mdmas
1208 3755 1416 3836 naviguaient
1438 3753 1513 3838 prds
1537 3754 1577 3818 de

484 3858 516 3922 la
545 3865 638 3923 terre.
667 3857 742 3922 Did.
777 3857 850 3921 duru
873 3858 935 3941 ipsi
960 3857 1148 3922 maritimam
1173 3876 1261 3922 uram
1284 3858 1439 3940 legerent.
1464 3857 1576 3932 Gottl.)

484 3960 525 4043 ΙΙ,
567 3963 618 4044 83,
659 3962 688 4026 3.
729 3960 793 4025 Osr.
833 3961 889 4043 ΙΙΙ,
931 3960 981 4043 61,
1025 3965 1050 4025 ].
1108 3958 1170 4025 Καὶ
1209 3959 1363 4045 παρῆλθε
1397 3958 1486 4042 παρὰ
1519 3957 1579 4043 τὴν

484 4061 589 4146 χηλὴν
621 4063 675 4126 διὰ
707 4065 763 4148 τῆς
796 4061 969 4149 θαλάσσης
1001 4063 1198 4147 βαλλόμενός
1229 4083 1264 4126 τε
1297 4059 1351 4126 καί
1378 4061 1528 4141 χαλεπῶς
1552 4063 1576 4146 Ι,

484 4166 535 4248 63,
576 4170 600 4229 l.
649 4163 711 4230 Καὶ
743 4164 782 4228 τὰ
806 4164 898 4246 ἐγχδς
920 4167 1035 4250 δένδρα
1058 4166 1222 4252 κόψαντες
1251 4164 1304 4229 καί
1334 4166 1577 4246 κατενεγκόντες

484 4265 542 4332 ἐπὶ
577 4268 636 4354 τὴν
671 4267 843 4334 θάλασσαν
879 4269 968 4354 παρά
1001 4291 1034 4331 τε
1069 4268 1124 4341 τὰς
1152 4272 1228 4341 ναῦς
1257 4269 1430 4354 σταύρωμα
1454 4270 1580 4356 ἔπηξαν
